date,symbol,time_str,side,price,quantity,order_type
20240207,SH.510050,09:30:01.702,buy,2.943,500,limit
20240207,SH.510050,09:30:02.620,buy,2.95,1000,market
20240207,SH.510050,09:30:00.543,buy,2.943,900,limit
20240207,SH.510050,09:30:01.715,sell,2.953,100,limit
20240207,SH.510050,09:30:01.586,sell,2.945,2000,market
20240207,SH.510050,09:30:00.544,buy,2.946,300,limit
20240207,SH.510050,09:30:02.528,sell,2.95,200,limit
20240207,SH.510050,09:30:03.766,buy,2.943,900,limit
20240207,SH.510050,09:30:04.023,sell,2.95,300,limit
20240207,SH.510050,09:30:04.267,buy,2.947,2000,limit
20240207,SH.510050,09:30:04.643,buy,2.943,3000,limit
20240207,SH.510050,09:30:05.190,buy,2.944,100,limit
20240207,SH.510050,09:30:06.200,buy,2.946,500,limit
20240207,SH.510050,09:30:08.564,sell,2.947,5000,market
20240207,SH.510050,09:30:07.629,sell,2.95,100,limit
20240207,SH.510050,09:30:06.530,sell,2.945,5000,market
20240207,SH.510050,09:30:07.797,buy,2.945,400,limit
20240207,SH.510050,09:30:10.381,buy,2.947,2000,limit
20240207,SH.510050,09:30:11.764,sell,2.953,300,limit
20240207,SH.510050,09:30:10.074,sell,2.954,3000,limit
20240207,SH.510050,09:30:10.012,sell,2.947,1500,market
20240207,SH.510050,09:30:10.555,buy,2.949,1500,market
20240207,SH.510050,09:30:13.256,sell,2.953,600,limit
20240207,SH.510050,09:30:13.595,sell,2.946,1500,market
20240207,SH.510050,09:30:12.540,buy,2.942,200,limit
20240207,SH.510050,09:30:12.872,sell,2.95,200,limit
20240207,SH.510050,09:30:14.758,sell,2.946,300,market
20240207,SH.510050,09:30:12.866,buy,2.95,3000,market
20240207,SH.510050,09:30:13.683,sell,2.951,400,limit
20240207,SH.510050,09:30:16.237,sell,2.953,1000,limit
20240207,SH.510050,09:30:15.625,sell,2.952,600,limit
20240207,SH.510050,09:30:15.784,sell,2.95,800,limit
20240207,SH.510050,09:30:20.349,buy,2.934,800,stop
20240207,SH.510050,09:30:18.722,sell,2.954,300,limit
20240207,SH.510050,09:30:18.100,sell,2.955,900,limit
20240207,SH.510050,09:30:19.887,sell,2.949,4000,market
20240207,SH.510050,09:30:18.957,buy,2.948,2000,limit
20240207,SH.510050,09:30:19.401,buy,2.944,3000,limit
20240207,SH.510050,09:30:18.433,buy,2.944,5000,limit
20240207,SH.510050,09:30:18.177,buy,2.946,1200,limit
20240207,SH.510050,09:30:21.978,buy,2.946,600,limit
20240207,SH.510050,09:30:22.718,buy,2.937,100,stop
20240207,SH.510050,09:30:23.628,sell,2.952,300,limit
20240207,SH.510050,09:30:23.300,sell,2.951,100,limit
20240207,SH.510050,09:30:21.042,sell,2.953,1000,limit
20240207,SH.510050,09:30:25.544,buy,2.952,400,market
20240207,SH.510050,09:30:24.941,buy,2.947,600,limit
20240207,SH.510050,09:30:26.516,buy,2.947,2000,limit
20240207,SH.510050,09:30:24.434,buy,2.949,2000,limit
20240207,SH.510050,09:30:28.048,sell,2.953,200,limit
20240207,SH.510050,09:30:27.209,buy,2.935,2000,stop
20240207,SH.510050,09:30:29.009,sell,2.948,4000,market
20240207,SH.510050,09:30:28.411,buy,2.949,200,limit
20240207,SH.510050,09:30:27.856,buy,2.948,1500,limit
20240207,SH.510050,09:30:28.378,sell,2.949,1000,market
20240207,SH.510050,09:30:27.187,buy,2.945,3000,limit
20240207,SH.510050,09:30:27.894,buy,2.949,400,limit
20240207,SH.510050,09:30:31.606,sell,2.949,2500,market
20240207,SH.510050,09:30:32.325,buy,2.94,1200,stop
20240207,SH.510050,09:30:31.625,sell,2.956,200,limit
20240207,SH.510050,09:30:31.108,buy,2.948,5000,limit
20240207,SH.510050,09:30:34.859,buy,2.947,300,limit
20240207,SH.510050,09:30:33.659,sell,2.956,300,limit
20240207,SH.510050,09:30:35.687,sell,2.953,600,limit
20240207,SH.510050,09:30:37.488,sell,2.953,500,limit
20240207,SH.510050,09:30:37.766,sell,2.948,2000,market
20240207,SH.510050,09:30:37.482,sell,2.955,4000,limit
20240207,SH.510050,09:30:38.217,sell,2.956,2500,limit
20240207,SH.510050,09:30:38.687,buy,2.944,500,stop
20240207,SH.510050,09:30:41.002,sell,2.949,1200,market
20240207,SH.510050,09:30:39.902,buy,2.947,500,limit
20240207,SH.510050,09:30:41.404,buy,2.948,900,limit
20240207,SH.510050,09:30:39.120,sell,2.955,400,limit
20240207,SH.510050,09:30:41.617,sell,2.955,600,limit
20240207,SH.510050,09:30:42.703,buy,2.951,300,market
20240207,SH.510050,09:30:42.700,buy,2.952,300,market
20240207,SH.510050,09:30:43.389,sell,2.952,600,limit
20240207,SH.510050,09:30:42.566,sell,2.952,500,limit
20240207,SH.510050,09:30:44.465,buy,2.948,1500,limit
20240207,SH.510050,09:30:42.402,buy,2.952,1000,market
20240207,SH.510050,09:30:43.207,buy,2.948,1200,limit
20240207,SH.510050,09:30:42.559,sell,2.954,100,limit
20240207,SH.510050,09:30:47.294,buy,2.945,1000,limit
20240207,SH.510050,09:30:47.468,sell,2.955,1500,limit
20240207,SH.510050,09:30:46.290,buy,2.951,1500,market
20240207,SH.510050,09:30:45.558,buy,2.948,2000,limit
20240207,SH.510050,09:30:45.097,sell,2.947,1500,market
20240207,SH.510050,09:30:49.752,buy,2.949,400,market
20240207,SH.510050,09:30:48.278,sell,2.947,800,market
20240207,SH.510050,09:30:49.523,sell,2.952,4000,limit
20240207,SH.510050,09:30:52.250,buy,2.942,1500,limit
20240207,SH.510050,09:30:53.812,buy,2.949,200,market
20240207,SH.510050,09:30:53.384,buy,2.945,1000,limit
20240207,SH.510050,09:30:51.515,sell,2.953,800,limit
20240207,SH.510050,09:30:52.637,sell,2.951,100,limit
20240207,SH.510050,09:30:56.427,buy,2.948,200,market
20240207,SH.510050,09:30:55.987,buy,2.948,600,market
20240207,SH.510050,09:30:56.986,sell,2.946,800,market
20240207,SH.510050,09:30:56.267,sell,2.953,200,limit
20240207,SH.510050,09:30:54.037,buy,2.946,500,limit
20240207,SH.510050,09:30:56.548,buy,2.949,1000,market
20240207,SH.510050,09:30:56.037,sell,2.949,1000,limit
20240207,SH.510050,09:30:57.183,sell,2.96,400,stop
20240207,SH.510050,09:30:59.937,buy,2.942,3000,limit
20240207,SH.510050,09:30:59.666,buy,2.943,2500,limit
20240207,SH.510050,09:30:59.535,buy,2.942,1000,limit
20240207,SH.510050,09:30:58.589,sell,2.952,400,limit
20240207,SH.510050,09:30:59.561,buy,2.945,1200,limit
20240207,SH.510050,09:30:57.790,sell,2.963,300,stop
20240207,SH.510050,09:30:59.347,buy,2.945,300,limit
20240207,SH.510050,09:31:01.490,buy,2.945,1000,limit
20240207,SH.510050,09:31:01.011,buy,2.946,500,limit
20240207,SH.510050,09:31:02.968,sell,2.947,3000,market
20240207,SH.510050,09:31:01.790,sell,2.953,1500,limit
20240207,SH.510050,09:31:02.340,buy,2.949,200,market
20240207,SH.510050,09:31:05.749,buy,2.946,5000,limit
20240207,SH.510050,09:31:05.839,buy,2.95,300,market
20240207,SH.510050,09:31:04.411,sell,2.952,400,limit
20240207,SH.510050,09:31:03.327,buy,2.943,1000,limit
20240207,SH.510050,09:31:04.749,sell,2.953,2000,limit
20240207,SH.510050,09:31:05.433,buy,2.95,1000,market
20240207,SH.510050,09:31:03.971,sell,2.953,300,limit
20240207,SH.510050,09:31:06.753,buy,2.95,200,market
20240207,SH.510050,09:31:06.160,sell,2.954,1200,limit
20240207,SH.510050,09:31:08.165,sell,2.953,1000,limit
20240207,SH.510050,09:31:07.332,sell,2.953,200,limit
20240207,SH.510050,09:31:08.143,buy,2.947,500,limit
20240207,SH.510050,09:31:08.489,sell,2.954,900,limit
20240207,SH.510050,09:31:09.314,buy,2.95,1500,market
20240207,SH.510050,09:31:09.755,sell,2.951,600,limit
20240207,SH.510050,09:31:09.164,sell,2.947,1500,market
20240207,SH.510050,09:31:09.707,sell,2.949,1000,market
20240207,SH.510050,09:31:14.024,buy,2.95,2000,market
20240207,SH.510050,09:31:14.642,sell,2.951,500,limit
20240207,SH.510050,09:31:12.476,sell,2.949,2000,market
20240207,SH.510050,09:31:14.666,buy,2.951,4000,market
20240207,SH.510050,09:31:14.912,sell,2.949,800,market
20240207,SH.510050,09:31:14.220,buy,2.946,200,limit
20240207,SH.510050,09:31:16.873,sell,2.949,500,market
20240207,SH.510050,09:31:15.835,buy,2.951,200,market
20240207,SH.510050,09:31:17.275,sell,2.947,600,market
20240207,SH.510050,09:31:15.922,sell,2.953,200,limit
20240207,SH.510050,09:31:18.985,sell,2.952,5000,limit
20240207,SH.510050,09:31:18.230,sell,2.948,1000,market
20240207,SH.510050,09:31:18.575,buy,2.946,2000,limit
20240207,SH.510050,09:31:20.217,sell,2.951,1500,limit
20240207,SH.510050,09:31:20.469,sell,2.949,2500,market
20240207,SH.510050,09:31:20.441,sell,2.948,4000,market
20240207,SH.510050,09:31:22.471,buy,2.946,1000,limit
20240207,SH.510050,09:31:22.860,sell,2.955,2000,limit
20240207,SH.510050,09:31:22.176,buy,2.948,200,limit
20240207,SH.510050,09:31:21.105,buy,2.946,1000,limit
20240207,SH.510050,09:31:22.405,buy,2.945,1000,limit
20240207,SH.510050,09:31:24.248,buy,2.949,1000,limit
20240207,SH.510050,09:31:24.914,sell,2.948,5000,market
20240207,SH.510050,09:31:24.520,buy,2.951,2500,market
20240207,SH.510050,09:31:26.478,buy,2.948,3000,limit
20240207,SH.510050,09:31:26.841,buy,2.952,3000,market
20240207,SH.510050,09:31:24.883,sell,2.948,300,market
20240207,SH.510050,09:31:25.035,sell,2.949,900,market
20240207,SH.510050,09:31:27.737,buy,2.947,1000,limit
20240207,SH.510050,09:31:27.789,sell,2.952,3000,limit
20240207,SH.510050,09:31:28.488,sell,2.952,400,limit
20240207,SH.510050,09:31:29.537,sell,2.951,4000,limit
20240207,SH.510050,09:31:28.792,buy,2.945,500,limit
20240207,SH.510050,09:31:32.230,buy,2.944,1000,limit
20240207,SH.510050,09:31:31.105,sell,2.949,3000,limit
20240207,SH.510050,09:31:30.262,buy,2.944,1000,limit
20240207,SH.510050,09:31:34.496,sell,2.951,500,limit
20240207,SH.510050,09:31:33.225,sell,2.949,1500,limit
20240207,SH.510050,09:31:35.773,sell,2.952,3000,limit
20240207,SH.510050,09:31:33.937,buy,2.943,200,limit
20240207,SH.510050,09:31:34.586,sell,2.949,5000,limit
20240207,SH.510050,09:31:33.513,buy,2.942,1000,limit
20240207,SH.510050,09:31:34.008,sell,2.951,1000,limit
20240207,SH.510050,09:31:35.321,sell,2.949,900,limit
20240207,SH.510050,09:31:36.962,buy,2.949,200,market
20240207,SH.510050,09:31:36.219,buy,2.944,400,limit
20240207,SH.510050,09:31:37.621,buy,2.948,400,market
20240207,SH.510050,09:31:36.244,buy,2.946,2000,limit
20240207,SH.510050,09:31:38.768,sell,2.946,300,market
20240207,SH.510050,09:31:36.428,buy,2.944,800,limit
20240207,SH.510050,09:31:40.488,sell,2.953,300,limit
20240207,SH.510050,09:31:40.155,sell,2.946,500,market
20240207,SH.510050,09:31:40.528,buy,2.945,500,limit
20240207,SH.510050,09:31:43.139,sell,2.948,500,limit
20240207,SH.510050,09:31:42.196,buy,2.947,5000,market
20240207,SH.510050,09:31:44.959,sell,2.944,400,market
20240207,SH.510050,09:31:44.304,sell,2.952,900,limit
20240207,SH.510050,09:31:42.900,sell,2.944,500,market
20240207,SH.510050,09:31:45.904,sell,2.949,2000,limit
20240207,SH.510050,09:31:45.193,buy,2.941,2000,limit
20240207,SH.510050,09:31:46.809,buy,2.945,200,limit
20240207,SH.510050,09:31:46.721,sell,2.948,1500,limit
20240207,SH.510050,09:31:47.432,buy,2.945,600,limit
20240207,SH.510050,09:31:47.640,buy,2.945,200,limit
20240207,SH.510050,09:31:46.158,sell,2.944,800,market
20240207,SH.510050,09:31:50.854,sell,2.943,400,market
20240207,SH.510050,09:31:48.906,buy,2.946,4000,market
20240207,SH.510050,09:31:48.550,sell,2.944,1200,market
20240207,SH.510050,09:31:48.474,buy,2.943,300,limit
20240207,SH.510050,09:31:50.034,buy,2.93,200,stop
20240207,SH.510050,09:31:49.106,sell,2.957,400,stop
20240207,SH.510050,09:31:49.091,sell,2.943,3000,market
20240207,SH.510050,09:31:53.438,buy,2.942,1000,limit
20240207,SH.510050,09:31:53.034,sell,2.944,800,market
20240207,SH.510050,09:31:52.510,sell,2.95,4000,limit
20240207,SH.510050,09:31:53.306,sell,2.955,300,stop
20240207,SH.510050,09:31:52.280,buy,2.942,1000,limit
20240207,SH.510050,09:31:52.071,sell,2.961,1500,stop
20240207,SH.510050,09:31:53.416,buy,2.946,300,market
20240207,SH.510050,09:31:55.748,buy,2.942,200,limit
20240207,SH.510050,09:31:55.423,sell,2.944,900,market
20240207,SH.510050,09:31:54.781,sell,2.948,900,limit
20240207,SH.510050,09:31:54.804,buy,2.943,600,limit
20240207,SH.510050,09:31:55.945,buy,2.943,600,limit
20240207,SH.510050,09:31:59.958,sell,2.944,1500,market
20240207,SH.510050,09:31:57.447,sell,2.947,2000,limit
20240207,SH.510050,09:31:59.610,buy,2.941,400,limit
20240207,SH.510050,09:31:57.350,sell,2.947,300,limit
20240207,SH.510050,09:31:57.996,sell,2.943,600,market
20240207,SH.510050,09:31:58.946,buy,2.94,200,limit
20240207,SH.510050,09:31:58.901,sell,2.956,200,stop
20240207,SH.510050,09:31:59.992,sell,2.95,800,limit
20240207,SH.510050,09:32:01.585,buy,2.945,400,market
20240207,SH.510050,09:32:02.078,sell,2.949,4000,limit
20240207,SH.510050,09:32:02.743,sell,2.948,1200,limit
20240207,SH.510050,09:32:00.468,buy,2.942,200,limit
20240207,SH.510050,09:32:00.226,sell,2.947,3000,limit
20240207,SH.510050,09:32:02.796,sell,2.943,4000,market
20240207,SH.510050,09:32:01.476,buy,2.94,500,limit
20240207,SH.510050,09:32:04.319,buy,2.942,4000,limit
20240207,SH.510050,09:32:03.100,sell,2.943,600,market
20240207,SH.510050,09:32:03.509,buy,2.942,1500,limit
20240207,SH.510050,09:32:04.281,buy,2.94,300,limit
20240207,SH.510050,09:32:04.118,buy,2.943,2000,limit
20240207,SH.510050,09:32:05.868,sell,2.944,800,market
20240207,SH.510050,09:32:06.437,buy,2.939,400,limit
20240207,SH.510050,09:32:06.048,buy,2.946,1500,market
20240207,SH.510050,09:32:08.154,buy,2.938,500,limit
20240207,SH.510050,09:32:09.519,sell,2.943,2000,market
20240207,SH.510050,09:32:11.219,sell,2.946,600,limit
20240207,SH.510050,09:32:10.155,buy,2.94,1500,limit
20240207,SH.510050,09:32:14.785,buy,2.946,2000,market
20240207,SH.510050,09:32:13.850,buy,2.932,200,stop
20240207,SH.510050,09:32:13.601,buy,2.934,4000,stop
20240207,SH.510050,09:32:13.049,sell,2.944,2000,market
20240207,SH.510050,09:32:15.320,sell,2.944,3000,market
20240207,SH.510050,09:32:15.536,buy,2.941,100,limit
20240207,SH.510050,09:32:15.414,buy,2.943,1500,limit
20240207,SH.510050,09:32:17.076,sell,2.953,2500,stop
20240207,SH.510050,09:32:16.345,buy,2.939,500,limit
20240207,SH.510050,09:32:16.114,buy,2.947,5000,market
20240207,SH.510050,09:32:16.798,sell,2.944,1000,market
20240207,SH.510050,09:32:18.323,buy,2.94,500,limit
20240207,SH.510050,09:32:18.440,sell,2.944,600,market
20240207,SH.510050,09:32:18.655,buy,2.943,600,limit
20240207,SH.510050,09:32:19.422,buy,2.94,200,limit
20240207,SH.510050,09:32:23.072,sell,2.948,3000,limit
20240207,SH.510050,09:32:23.067,buy,2.938,1000,limit
20240207,SH.510050,09:32:22.140,sell,2.947,400,limit
20240207,SH.510050,09:32:22.093,buy,2.942,1200,limit
20240207,SH.510050,09:32:22.599,sell,2.948,100,limit
20240207,SH.510050,09:32:22.263,buy,2.944,5000,market
20240207,SH.510050,09:32:24.646,buy,2.944,3000,market
20240207,SH.510050,09:32:24.873,sell,2.949,300,limit
20240207,SH.510050,09:32:25.248,buy,2.941,4000,limit
20240207,SH.510050,09:32:27.535,sell,2.95,4000,limit
20240207,SH.510050,09:32:29.832,buy,2.943,5000,limit
20240207,SH.510050,09:32:27.716,sell,2.946,900,limit
20240207,SH.510050,09:32:28.282,sell,2.948,2500,limit
20240207,SH.510050,09:32:30.877,buy,2.945,600,market
20240207,SH.510050,09:32:32.770,sell,2.946,400,limit
20240207,SH.510050,09:32:30.166,sell,2.943,1000,market
20240207,SH.510050,09:32:30.996,sell,2.945,200,limit
20240207,SH.510050,09:32:33.877,sell,2.95,800,limit
20240207,SH.510050,09:32:34.966,sell,2.949,100,limit
20240207,SH.510050,09:32:34.934,buy,2.94,4000,limit
20240207,SH.510050,09:32:33.478,buy,2.946,600,market
20240207,SH.510050,09:32:35.376,buy,2.933,1200,stop
20240207,SH.510050,09:32:35.536,sell,2.95,2000,limit
20240207,SH.510050,09:32:33.985,sell,2.945,3000,market
20240207,SH.510050,09:32:37.260,sell,2.944,1000,market
20240207,SH.510050,09:32:38.612,sell,2.945,200,market
20240207,SH.510050,09:32:36.974,sell,2.962,5000,stop
20240207,SH.510050,09:32:36.429,buy,2.949,4000,market
20240207,SH.510050,09:32:38.832,buy,2.947,200,market
20240207,SH.510050,09:32:36.161,buy,2.943,1200,limit
20240207,SH.510050,09:32:37.657,sell,2.95,600,limit
20240207,SH.510050,09:32:36.156,buy,2.941,1500,limit
20240207,SH.510050,09:32:41.686,sell,2.946,900,market
20240207,SH.510050,09:32:39.723,sell,2.954,200,limit
20240207,SH.510050,09:32:40.426,buy,2.951,5000,market
20240207,SH.510050,09:32:39.266,sell,2.959,900,stop
20240207,SH.510050,09:32:39.523,buy,2.951,1000,market
20240207,SH.510050,09:32:41.103,sell,2.951,1000,limit
20240207,SH.510050,09:32:41.966,buy,2.944,200,limit
20240207,SH.510050,09:32:41.577,buy,2.945,1500,limit
20240207,SH.510050,09:32:42.519,buy,2.946,500,limit
20240207,SH.510050,09:32:43.339,buy,2.945,800,limit
20240207,SH.510050,09:32:42.753,sell,2.947,2500,market
20240207,SH.510050,09:32:42.988,buy,2.948,400,market
20240207,SH.510050,09:32:44.031,buy,2.942,5000,limit
20240207,SH.510050,09:32:42.795,buy,2.944,5000,limit
20240207,SH.510050,09:32:46.748,sell,2.949,500,limit
20240207,SH.510050,09:32:47.322,buy,2.947,500,market
20240207,SH.510050,09:32:46.750,buy,2.941,2000,limit
20240207,SH.510050,09:32:46.899,buy,2.946,2000,market
20240207,SH.510050,09:32:50.792,buy,2.948,2500,market
20240207,SH.510050,09:32:48.607,buy,2.944,2000,limit
20240207,SH.510050,09:32:48.188,buy,2.948,300,market
20240207,SH.510050,09:32:48.553,sell,2.947,600,limit
20240207,SH.510050,09:32:52.990,sell,2.949,1200,limit
20240207,SH.510050,09:32:53.625,sell,2.952,2000,limit
20240207,SH.510050,09:32:52.527,buy,2.947,400,market
20240207,SH.510050,09:32:53.048,sell,2.948,400,limit
20240207,SH.510050,09:32:53.787,sell,2.95,2000,limit
20240207,SH.510050,09:32:53.773,sell,2.952,900,limit
20240207,SH.510050,09:32:56.532,buy,2.944,800,limit
20240207,SH.510050,09:32:54.801,buy,2.949,800,market
20240207,SH.510050,09:32:55.371,buy,2.95,1000,market
20240207,SH.510050,09:32:55.097,sell,2.953,300,limit
20240207,SH.510050,09:32:55.938,sell,2.95,900,limit
20240207,SH.510050,09:32:56.064,buy,2.946,600,limit
20240207,SH.510050,09:32:59.681,sell,2.953,1000,limit
20240207,SH.510050,09:32:58.342,buy,2.944,600,limit
20240207,SH.510050,09:32:59.446,sell,2.952,1500,limit
20240207,SH.510050,09:32:59.271,sell,2.953,300,limit
20240207,SH.510050,09:32:59.031,sell,2.946,600,market
20240207,SH.510050,09:32:59.247,sell,2.948,500,market
20240207,SH.510050,09:32:58.617,sell,2.951,1000,limit
20240207,SH.510050,09:33:02.058,sell,2.946,900,market
20240207,SH.510050,09:33:00.466,sell,2.951,1000,limit
20240207,SH.510050,09:33:01.875,buy,2.947,500,limit
20240207,SH.510050,09:33:03.925,sell,2.953,200,limit
20240207,SH.510050,09:33:04.111,buy,2.947,1500,limit
20240207,SH.510050,09:33:03.441,buy,2.937,300,stop
20240207,SH.510050,09:33:05.256,sell,2.954,2500,limit
20240207,SH.510050,09:33:06.979,sell,2.951,1000,limit
20240207,SH.510050,09:33:06.608,buy,2.946,1000,limit
20240207,SH.510050,09:33:06.660,sell,2.957,300,stop
20240207,SH.510050,09:33:07.650,buy,2.936,3000,stop
20240207,SH.510050,09:33:09.097,sell,2.949,1500,market
20240207,SH.510050,09:33:11.138,buy,2.947,800,limit
20240207,SH.510050,09:33:10.481,sell,2.956,4000,stop
20240207,SH.510050,09:33:10.653,sell,2.949,500,market
20240207,SH.510050,09:33:10.568,sell,2.947,500,market
20240207,SH.510050,09:33:11.726,sell,2.947,1000,market
20240207,SH.510050,09:33:12.146,buy,2.951,2000,market
20240207,SH.510050,09:33:13.119,sell,2.954,1000,limit
20240207,SH.510050,09:33:12.623,sell,2.954,400,limit
20240207,SH.510050,09:33:14.914,sell,2.956,1000,stop
20240207,SH.510050,09:33:14.031,buy,2.951,2500,market
20240207,SH.510050,09:33:12.244,sell,2.954,2000,limit
20240207,SH.510050,09:33:16.479,buy,2.949,200,market
20240207,SH.510050,09:33:16.671,buy,2.951,1200,market
20240207,SH.510050,09:33:17.292,sell,2.947,200,market
20240207,SH.510050,09:33:16.859,buy,2.949,1000,market
20240207,SH.510050,09:33:17.621,sell,2.947,100,market
20240207,SH.510050,09:33:15.607,buy,2.943,600,limit
20240207,SH.510050,09:33:17.071,sell,2.946,2500,market
20240207,SH.510050,09:33:15.912,buy,2.95,4000,market
20240207,SH.510050,09:33:19.355,sell,2.951,900,limit
20240207,SH.510050,09:33:19.732,buy,2.952,900,market
20240207,SH.510050,09:33:19.318,sell,2.949,5000,market
20240207,SH.510050,09:33:20.421,sell,2.948,300,market
20240207,SH.510050,09:33:20.465,buy,2.952,3000,market
20240207,SH.510050,09:33:19.184,sell,2.949,600,market
20240207,SH.510050,09:33:19.372,buy,2.941,300,stop
20240207,SH.510050,09:33:18.072,buy,2.945,2000,limit
20240207,SH.510050,09:33:21.571,sell,2.956,1000,limit
20240207,SH.510050,09:33:23.330,buy,2.953,1200,market
20240207,SH.510050,09:33:23.007,buy,2.952,1200,market
20240207,SH.510050,09:33:24.576,buy,2.953,900,market
20240207,SH.510050,09:33:24.894,buy,2.952,4000,market
20240207,SH.510050,09:33:26.078,buy,2.954,2500,market
20240207,SH.510050,09:33:26.970,buy,2.953,3000,market
20240207,SH.510050,09:33:25.176,sell,2.95,1500,market
20240207,SH.510050,09:33:25.587,sell,2.958,400,stop
20240207,SH.510050,09:33:28.657,buy,2.947,100,limit
20240207,SH.510050,09:33:27.194,sell,2.957,3000,limit
20240207,SH.510050,09:33:29.196,buy,2.952,800,market
20240207,SH.510050,09:33:29.644,sell,2.957,100,limit
20240207,SH.510050,09:33:28.700,sell,2.957,500,limit
20240207,SH.510050,09:33:28.282,buy,2.948,1000,limit
20240207,SH.510050,09:33:27.017,sell,2.951,1500,market
20240207,SH.510050,09:33:28.544,sell,2.954,1200,limit
20240207,SH.510050,09:33:31.405,sell,2.956,5000,limit
20240207,SH.510050,09:33:30.738,sell,2.957,500,limit
20240207,SH.510050,09:33:31.201,buy,2.949,600,limit
20240207,SH.510050,09:33:32.375,sell,2.949,800,market
20240207,SH.510050,09:33:31.629,buy,2.947,3000,limit
20240207,SH.510050,09:33:32.749,sell,2.951,500,market
20240207,SH.510050,09:33:30.190,sell,2.956,300,limit
20240207,SH.510050,09:33:34.564,sell,2.952,500,limit
20240207,SH.510050,09:33:34.070,sell,2.953,4000,limit
20240207,SH.510050,09:33:34.827,sell,2.948,300,market
20240207,SH.510050,09:33:34.620,buy,2.953,900,market
20240207,SH.510050,09:33:33.392,sell,2.95,1000,market
20240207,SH.510050,09:33:36.275,buy,2.936,400,stop
20240207,SH.510050,09:33:36.885,sell,2.956,800,limit
20240207,SH.510050,09:33:38.223,sell,2.948,600,market
20240207,SH.510050,09:33:36.186,buy,2.939,200,stop
20240207,SH.510050,09:33:39.477,buy,2.948,1000,limit
20240207,SH.510050,09:33:41.042,buy,2.952,2500,market
20240207,SH.510050,09:33:39.783,buy,2.949,900,limit
20240207,SH.510050,09:33:41.691,buy,2.946,1000,limit
20240207,SH.510050,09:33:39.264,buy,2.949,2000,limit
20240207,SH.510050,09:33:41.704,buy,2.948,100,limit
20240207,SH.510050,09:33:39.894,sell,2.955,1000,limit
20240207,SH.510050,09:33:39.484,buy,2.947,500,limit
20240207,SH.510050,09:33:43.096,sell,2.954,2500,limit
20240207,SH.510050,09:33:42.180,sell,2.956,600,limit
20240207,SH.510050,09:33:43.073,buy,2.948,600,limit
20240207,SH.510050,09:33:45.267,buy,2.947,900,limit
20240207,SH.510050,09:33:47.910,buy,2.953,5000,market
20240207,SH.510050,09:33:45.755,sell,2.955,1000,limit
20240207,SH.510050,09:33:48.105,buy,2.945,500,limit
20240207,SH.510050,09:33:48.435,buy,2.945,4000,limit
20240207,SH.510050,09:33:48.442,buy,2.947,1000,limit
20240207,SH.510050,09:33:50.943,buy,2.948,1000,limit
20240207,SH.510050,09:33:48.701,buy,2.953,500,market
20240207,SH.510050,09:33:53.506,sell,2.95,100,market
20240207,SH.510050,09:33:52.030,sell,2.95,400,market
20240207,SH.510050,09:33:51.248,buy,2.954,800,market
20240207,SH.510050,09:33:53.626,sell,2.967,300,stop
20240207,SH.510050,09:33:52.986,sell,2.953,900,limit
20240207,SH.510050,09:33:52.019,buy,2.949,400,limit
20240207,SH.510050,09:33:55.769,sell,2.954,200,limit
20240207,SH.510050,09:33:54.698,sell,2.957,1500,limit
20240207,SH.510050,09:33:55.354,buy,2.953,800,market
20240207,SH.510050,09:33:56.287,buy,2.946,2000,limit
20240207,SH.510050,09:33:54.265,buy,2.946,300,limit
20240207,SH.510050,09:33:54.158,sell,2.956,2000,limit
20240207,SH.510050,09:33:54.445,sell,2.957,500,limit
20240207,SH.510050,09:33:59.084,buy,2.947,500,limit
20240207,SH.510050,09:33:59.898,sell,2.955,1500,limit
20240207,SH.510050,09:33:59.842,sell,2.957,2000,limit
20240207,SH.510050,09:33:57.782,buy,2.947,500,limit
20240207,SH.510050,09:33:59.612,buy,2.949,1500,limit
20240207,SH.510050,09:34:01.915,buy,2.951,1500,limit
20240207,SH.510050,09:34:01.294,buy,2.949,500,limit
20240207,SH.510050,09:34:01.820,buy,2.953,600,market
20240207,SH.510050,09:34:03.250,buy,2.947,200,limit
20240207,SH.510050,09:34:04.934,sell,2.955,1000,limit
20240207,SH.510050,09:34:03.587,sell,2.956,900,limit
20240207,SH.510050,09:34:05.910,buy,2.94,500,stop
20240207,SH.510050,09:34:04.596,sell,2.954,1500,limit
20240207,SH.510050,09:34:08.993,buy,2.948,500,limit
20240207,SH.510050,09:34:08.369,sell,2.95,600,market
20240207,SH.510050,09:34:06.435,buy,2.954,500,market
20240207,SH.510050,09:34:10.542,buy,2.951,1000,limit
20240207,SH.510050,09:34:11.958,sell,2.955,1500,limit
20240207,SH.510050,09:34:09.949,sell,2.954,800,limit
20240207,SH.510050,09:34:10.404,buy,2.947,2000,limit
20240207,SH.510050,09:34:13.820,sell,2.964,200,stop
20240207,SH.510050,09:34:14.556,buy,2.95,800,limit
20240207,SH.510050,09:34:12.354,buy,2.948,500,limit
20240207,SH.510050,09:34:14.414,sell,2.956,100,limit
20240207,SH.510050,09:34:13.436,buy,2.95,2000,limit
20240207,SH.510050,09:34:17.140,sell,2.95,5000,market
20240207,SH.510050,09:34:15.896,buy,2.954,400,market
20240207,SH.510050,09:34:15.938,buy,2.949,200,limit
20240207,SH.510050,09:34:17.124,buy,2.953,200,market
20240207,SH.510050,09:34:15.086,sell,2.956,800,limit
20240207,SH.510050,09:34:17.469,buy,2.955,1500,market
20240207,SH.510050,09:34:16.885,buy,2.947,1000,limit
20240207,SH.510050,09:34:18.592,buy,2.952,1000,market
20240207,SH.510050,09:34:20.431,buy,2.946,600,limit
20240207,SH.510050,09:34:20.478,sell,2.955,1000,limit
20240207,SH.510050,09:34:19.319,sell,2.956,1500,limit
20240207,SH.510050,09:34:18.045,sell,2.957,5000,limit
20240207,SH.510050,09:34:22.232,sell,2.95,600,market
20240207,SH.510050,09:34:23.182,sell,2.952,100,market
20240207,SH.510050,09:34:22.349,sell,2.958,200,limit
20240207,SH.510050,09:34:21.725,buy,2.955,400,market
20240207,SH.510050,09:34:23.170,sell,2.954,1500,limit
20240207,SH.510050,09:34:22.647,buy,2.95,5000,limit
20240207,SH.510050,09:34:22.128,buy,2.948,2000,limit
20240207,SH.510050,09:34:23.914,buy,2.954,900,market
20240207,SH.510050,09:34:24.472,sell,2.955,400,limit
20240207,SH.510050,09:34:24.801,sell,2.955,100,limit
20240207,SH.510050,09:34:26.437,sell,2.958,600,limit
20240207,SH.510050,09:34:24.528,buy,2.948,500,limit
20240207,SH.510050,09:34:25.064,sell,2.956,300,limit
20240207,SH.510050,09:34:28.754,buy,2.949,2000,limit
20240207,SH.510050,09:34:29.045,buy,2.947,2000,limit
20240207,SH.510050,09:34:27.451,buy,2.939,300,stop
20240207,SH.510050,09:34:30.335,buy,2.953,900,market
20240207,SH.510050,09:34:30.755,sell,2.953,400,limit
20240207,SH.510050,09:34:32.343,sell,2.951,300,market
20240207,SH.510050,09:34:31.936,sell,2.956,100,limit
20240207,SH.510050,09:34:32.422,buy,2.945,1500,stop
20240207,SH.510050,09:34:32.014,buy,2.937,1000,stop
20240207,SH.510050,09:34:34.874,sell,2.96,800,stop
20240207,SH.510050,09:34:34.508,sell,2.954,300,limit
20240207,SH.510050,09:34:33.245,buy,2.946,2000,limit
20240207,SH.510050,09:34:36.163,sell,2.948,300,market
20240207,SH.510050,09:34:38.707,sell,2.956,400,stop
20240207,SH.510050,09:34:38.239,buy,2.945,3000,limit
20240207,SH.510050,09:34:36.581,buy,2.95,100,market
20240207,SH.510050,09:34:36.968,buy,2.945,400,limit
20240207,SH.510050,09:34:36.424,buy,2.945,100,limit
20240207,SH.510050,09:34:38.869,buy,2.948,900,limit
20240207,SH.510050,09:34:39.472,sell,2.951,100,limit
20240207,SH.510050,09:34:40.094,sell,2.96,600,stop
20240207,SH.510050,09:34:39.019,sell,2.952,400,limit
20240207,SH.510050,09:34:42.477,buy,2.95,400,market
20240207,SH.510050,09:34:42.550,sell,2.952,100,limit
20240207,SH.510050,09:34:44.795,buy,2.95,1000,market
20240207,SH.510050,09:34:42.592,buy,2.942,500,limit
20240207,SH.510050,09:34:44.665,sell,2.949,900,limit
20240207,SH.510050,09:34:44.724,buy,2.945,200,limit
20240207,SH.510050,09:34:43.657,buy,2.942,1000,limit
20240207,SH.510050,09:34:43.047,sell,2.949,1000,limit
20240207,SH.510050,09:34:47.538,buy,2.944,200,limit
20240207,SH.510050,09:34:47.543,sell,2.952,2000,limit
20240207,SH.510050,09:34:47.014,sell,2.951,1500,limit
20240207,SH.510050,09:34:45.618,buy,2.945,300,limit
20240207,SH.510050,09:34:47.948,sell,2.949,600,limit
20240207,SH.510050,09:34:46.173,buy,2.942,2500,limit
20240207,SH.510050,09:34:47.474,buy,2.941,100,limit
20240207,SH.510050,09:34:49.110,buy,2.945,100,limit
20240207,SH.510050,09:34:48.644,buy,2.947,1000,market
20240207,SH.510050,09:34:50.299,buy,2.944,100,limit
20240207,SH.510050,09:34:50.311,sell,2.946,400,market
20240207,SH.510050,09:34:48.725,sell,2.95,900,limit
20240207,SH.510050,09:34:49.284,sell,2.944,600,market
20240207,SH.510050,09:34:53.267,sell,2.95,200,limit
20240207,SH.510050,09:34:53.408,sell,2.943,600,market
20240207,SH.510050,09:34:52.234,buy,2.944,800,limit
20240207,SH.510050,09:34:56.643,buy,2.942,900,limit
20240207,SH.510050,09:34:56.221,sell,2.948,3000,limit
20240207,SH.510050,09:34:56.829,sell,2.943,900,market
20240207,SH.510050,09:34:55.981,sell,2.947,100,limit
20240207,SH.510050,09:34:56.135,sell,2.947,1000,limit
20240207,SH.510050,09:34:56.863,buy,2.931,2500,stop
20240207,SH.510050,09:34:54.489,sell,2.943,300,market
20240207,SH.510050,09:34:54.459,sell,2.944,2000,market
20240207,SH.510050,09:34:58.457,sell,2.947,300,limit
20240207,SH.510050,09:34:59.275,buy,2.94,400,limit
20240207,SH.510050,09:34:58.501,buy,2.939,800,limit
20240207,SH.510050,09:34:57.450,sell,2.95,300,limit
20240207,SH.510050,09:34:57.509,buy,2.939,1500,limit
20240207,SH.510050,09:35:00.875,buy,2.94,3000,limit
20240207,SH.510050,09:35:00.811,buy,2.939,300,limit
20240207,SH.510050,09:35:00.092,buy,2.931,4000,stop
20240207,SH.510050,09:35:01.663,sell,2.946,200,limit
20240207,SH.510050,09:35:03.335,buy,2.947,200,market
20240207,SH.510050,09:35:05.302,buy,2.945,1000,market
20240207,SH.510050,09:35:04.776,buy,2.947,1000,market
20240207,SH.510050,09:35:04.029,sell,2.942,300,market
20240207,SH.510050,09:35:04.927,sell,2.943,900,market
20240207,SH.510050,09:35:04.590,buy,2.943,200,limit
20240207,SH.510050,09:35:06.830,buy,2.942,3000,limit
20240207,SH.510050,09:35:07.972,buy,2.942,200,limit
20240207,SH.510050,09:35:06.038,sell,2.949,1200,limit
20240207,SH.510050,09:35:09.962,sell,2.945,500,limit
20240207,SH.510050,09:35:10.184,buy,2.939,3000,limit
20240207,SH.510050,09:35:09.368,sell,2.946,1000,limit
20240207,SH.510050,09:35:14.484,buy,2.942,4000,limit
20240207,SH.510050,09:35:14.578,buy,2.94,100,limit
20240207,SH.510050,09:35:13.537,buy,2.939,600,limit
20240207,SH.510050,09:35:17.905,buy,2.941,300,limit
20240207,SH.510050,09:35:15.675,sell,2.95,400,limit
20240207,SH.510050,09:35:17.211,buy,2.947,300,market
20240207,SH.510050,09:35:20.798,buy,2.94,900,limit
20240207,SH.510050,09:35:18.207,buy,2.946,2000,market
20240207,SH.510050,09:35:19.104,buy,2.941,400,limit
20240207,SH.510050,09:35:19.808,sell,2.95,2000,limit
20240207,SH.510050,09:35:19.844,sell,2.95,1500,limit
20240207,SH.510050,09:35:19.212,buy,2.94,2000,limit
20240207,SH.510050,09:35:23.699,sell,2.951,600,limit
20240207,SH.510050,09:35:21.310,buy,2.945,5000,limit
20240207,SH.510050,09:35:23.497,buy,2.948,600,market
20240207,SH.510050,09:35:21.490,buy,2.941,1500,limit
20240207,SH.510050,09:35:21.405,sell,2.948,4000,limit
20240207,SH.510050,09:35:26.254,buy,2.949,100,market
20240207,SH.510050,09:35:26.077,buy,2.944,1000,limit
20240207,SH.510050,09:35:24.878,buy,2.945,200,limit
20240207,SH.510050,09:35:25.684,buy,2.944,200,limit
20240207,SH.510050,09:35:28.861,buy,2.941,600,limit
20240207,SH.510050,09:35:27.494,sell,2.949,100,limit
20240207,SH.510050,09:35:27.271,buy,2.944,2000,limit
20240207,SH.510050,09:35:29.997,sell,2.95,200,limit
20240207,SH.510050,09:35:28.889,sell,2.95,3000,limit
20240207,SH.510050,09:35:27.403,sell,2.951,1000,limit
20240207,SH.510050,09:35:30.374,sell,2.944,2000,market
20240207,SH.510050,09:35:32.435,sell,2.948,1200,limit
20240207,SH.510050,09:35:31.763,sell,2.95,3000,limit
20240207,SH.510050,09:35:32.644,buy,2.942,100,limit
20240207,SH.510050,09:35:30.592,buy,2.942,500,limit
20240207,SH.510050,09:35:30.080,buy,2.942,5000,limit
20240207,SH.510050,09:35:32.362,buy,2.948,300,market
20240207,SH.510050,09:35:34.571,sell,2.962,3000,stop
20240207,SH.510050,09:35:34.423,buy,2.941,400,limit
20240207,SH.510050,09:35:33.278,sell,2.951,4000,limit
20240207,SH.510050,09:35:38.104,buy,2.936,100,stop
20240207,SH.510050,09:35:37.041,sell,2.946,1000,market
20240207,SH.510050,09:35:36.006,sell,2.951,2500,limit
20240207,SH.510050,09:35:37.269,sell,2.948,1500,limit
20240207,SH.510050,09:35:38.641,buy,2.948,2500,market
20240207,SH.510050,09:35:41.414,buy,2.943,4000,limit
20240207,SH.510050,09:35:40.202,sell,2.945,200,market
20240207,SH.510050,09:35:40.549,sell,2.953,800,limit
20240207,SH.510050,09:35:41.995,sell,2.95,900,limit
20240207,SH.510050,09:35:39.238,buy,2.943,1500,limit
20240207,SH.510050,09:35:39.400,buy,2.944,1500,limit
20240207,SH.510050,09:35:41.394,buy,2.945,500,limit
20240207,SH.510050,09:35:44.920,sell,2.954,4000,limit
20240207,SH.510050,09:35:42.873,sell,2.951,1500,limit
20240207,SH.510050,09:35:44.407,buy,2.943,200,limit
20240207,SH.510050,09:35:43.018,buy,2.947,400,limit
20240207,SH.510050,09:35:43.506,sell,2.962,300,stop
20240207,SH.510050,09:35:47.259,sell,2.954,300,limit
20240207,SH.510050,09:35:46.033,sell,2.953,300,limit
20240207,SH.510050,09:35:46.962,buy,2.947,1500,limit
20240207,SH.510050,09:35:47.361,buy,2.95,4000,market
20240207,SH.510050,09:35:46.680,buy,2.943,5000,limit
20240207,SH.510050,09:35:46.495,buy,2.947,1000,limit
20240207,SH.510050,09:35:45.089,buy,2.933,500,stop
20240207,SH.510050,09:35:47.161,sell,2.952,400,limit
20240207,SH.510050,09:35:49.501,buy,2.948,300,market
20240207,SH.510050,09:35:48.350,buy,2.948,3000,market
20240207,SH.510050,09:35:48.573,sell,2.951,900,limit
20240207,SH.510050,09:35:48.981,buy,2.949,1500,market
20240207,SH.510050,09:35:49.291,sell,2.944,100,market
20240207,SH.510050,09:35:49.698,sell,2.958,1000,stop
20240207,SH.510050,09:35:53.805,sell,2.956,900,stop
20240207,SH.510050,09:35:51.376,buy,2.941,5000,limit
20240207,SH.510050,09:35:53.008,sell,2.945,500,market
20240207,SH.510050,09:35:51.715,sell,2.95,500,limit
20240207,SH.510050,09:35:53.310,buy,2.933,2500,stop
20240207,SH.510050,09:35:54.403,sell,2.948,1500,limit
20240207,SH.510050,09:35:56.461,sell,2.95,1500,limit
20240207,SH.510050,09:35:56.303,buy,2.948,1500,market
20240207,SH.510050,09:35:54.914,buy,2.946,800,market
20240207,SH.510050,09:35:56.263,sell,2.947,500,limit
20240207,SH.510050,09:35:55.070,sell,2.95,200,limit
20240207,SH.510050,09:35:55.703,buy,2.94,400,limit
20240207,SH.510050,09:35:56.274,sell,2.948,900,limit
20240207,SH.510050,09:35:57.980,sell,2.949,600,limit
20240207,SH.510050,09:35:58.219,buy,2.937,1000,stop
20240207,SH.510050,09:35:58.157,buy,2.94,200,limit
20240207,SH.510050,09:35:57.798,sell,2.943,5000,market
20240207,SH.510050,09:35:57.764,sell,2.949,1000,limit
20240207,SH.510050,09:35:58.019,buy,2.947,500,market
20240207,SH.510050,09:35:58.376,buy,2.94,800,limit
20240207,SH.510050,09:36:02.082,sell,2.95,1000,limit
20240207,SH.510050,09:36:01.929,buy,2.946,900,market
20240207,SH.510050,09:36:01.399,sell,2.949,200,limit
20240207,SH.510050,09:36:00.480,sell,2.95,4000,limit
20240207,SH.510050,09:36:00.836,buy,2.94,5000,limit
20240207,SH.510050,09:36:03.975,sell,2.946,4000,market
20240207,SH.510050,09:36:05.238,buy,2.948,400,market
20240207,SH.510050,09:36:03.826,buy,2.944,500,limit
20240207,SH.510050,09:36:04.879,buy,2.948,2500,market
20240207,SH.510050,09:36:04.761,sell,2.951,100,limit
20240207,SH.510050,09:36:07.397,buy,2.948,100,market
20240207,SH.510050,09:36:06.039,sell,2.949,100,limit
20240207,SH.510050,09:36:07.041,buy,2.941,1500,limit
20240207,SH.510050,09:36:06.825,sell,2.95,800,limit
20240207,SH.510050,09:36:07.446,sell,2.944,100,market
20240207,SH.510050,09:36:09.556,sell,2.944,5000,market
20240207,SH.510050,09:36:11.212,sell,2.948,2000,limit
20240207,SH.510050,09:36:10.562,buy,2.943,2000,limit
20240207,SH.510050,09:36:09.322,buy,2.947,100,market
20240207,SH.510050,09:36:09.344,sell,2.949,500,limit
20240207,SH.510050,09:36:10.798,sell,2.95,5000,limit
20240207,SH.510050,09:36:10.700,sell,2.944,100,market
20240207,SH.510050,09:36:10.536,sell,2.945,1200,market
20240207,SH.510050,09:36:13.583,sell,2.955,3000,stop
20240207,SH.510050,09:36:14.586,sell,2.951,800,limit
20240207,SH.510050,09:36:12.973,sell,2.952,1500,limit
20240207,SH.510050,09:36:13.049,buy,2.945,400,limit
20240207,SH.510050,09:36:13.455,buy,2.944,300,limit
20240207,SH.510050,09:36:14.745,buy,2.945,600,limit
20240207,SH.510050,09:36:14.438,buy,2.944,600,limit
20240207,SH.510050,09:36:15.736,buy,2.949,500,market
20240207,SH.510050,09:36:16.655,sell,2.954,400,limit
20240207,SH.510050,09:36:16.473,sell,2.947,500,market
20240207,SH.510050,09:36:17.615,buy,2.945,200,limit
20240207,SH.510050,09:36:20.776,sell,2.946,1000,market
20240207,SH.510050,09:36:18.634,buy,2.946,1500,limit
20240207,SH.510050,09:36:18.707,sell,2.948,100,market
20240207,SH.510050,09:36:19.392,sell,2.953,1500,limit
20240207,SH.510050,09:36:19.643,sell,2.953,1500,limit
20240207,SH.510050,09:36:23.361,buy,2.946,400,limit
20240207,SH.510050,09:36:23.976,sell,2.951,500,limit
20240207,SH.510050,09:36:21.724,sell,2.951,100,limit
20240207,SH.510050,09:36:22.152,buy,2.948,800,limit
20240207,SH.510050,09:36:22.014,sell,2.953,1000,limit
20240207,SH.510050,09:36:23.563,sell,2.955,600,limit
20240207,SH.510050,09:36:22.938,buy,2.947,300,limit
20240207,SH.510050,09:36:24.055,sell,2.953,2000,limit
20240207,SH.510050,09:36:25.492,buy,2.952,400,market
20240207,SH.510050,09:36:24.385,buy,2.95,300,market
20240207,SH.510050,09:36:28.746,sell,2.951,1500,limit
20240207,SH.510050,09:36:27.364,buy,2.95,500,market
20240207,SH.510050,09:36:27.389,sell,2.951,1000,limit
20240207,SH.510050,09:36:29.197,buy,2.944,200,limit
20240207,SH.510050,09:36:29.351,sell,2.965,600,stop
20240207,SH.510050,09:36:30.050,buy,2.936,1200,stop
20240207,SH.510050,09:36:30.350,sell,2.955,400,limit
20240207,SH.510050,09:36:31.970,buy,2.944,1000,stop
20240207,SH.510050,09:36:34.830,sell,2.953,200,limit
20240207,SH.510050,09:36:35.684,buy,2.947,800,limit
20240207,SH.510050,09:36:35.889,buy,2.946,600,limit
20240207,SH.510050,09:36:38.127,buy,2.948,400,limit
20240207,SH.510050,09:36:36.115,sell,2.954,800,limit
20240207,SH.510050,09:36:36.402,buy,2.949,500,limit
20240207,SH.510050,09:36:38.097,sell,2.962,5000,stop
20240207,SH.510050,09:36:37.044,buy,2.945,100,limit
20240207,SH.510050,09:36:36.547,buy,2.953,300,market
20240207,SH.510050,09:36:39.926,sell,2.964,4000,stop
20240207,SH.510050,09:36:39.764,buy,2.953,1200,market
20240207,SH.510050,09:36:41.924,buy,2.948,5000,limit
20240207,SH.510050,09:36:41.599,sell,2.951,4000,market
20240207,SH.510050,09:36:39.846,sell,2.956,600,limit
20240207,SH.510050,09:36:44.165,buy,2.945,100,limit
20240207,SH.510050,09:36:43.117,buy,2.936,2500,stop
20240207,SH.510050,09:36:43.104,buy,2.947,900,limit
20240207,SH.510050,09:36:42.849,sell,2.948,2000,market
20240207,SH.510050,09:36:44.909,buy,2.947,400,limit
20240207,SH.510050,09:36:42.723,buy,2.953,800,market
20240207,SH.510050,09:36:44.571,sell,2.956,1500,limit
20240207,SH.510050,09:36:46.882,sell,2.955,300,limit
20240207,SH.510050,09:36:45.946,buy,2.945,400,limit
20240207,SH.510050,09:36:45.543,buy,2.947,1000,limit
20240207,SH.510050,09:36:46.569,buy,2.945,1500,limit
20240207,SH.510050,09:36:50.600,sell,2.954,400,limit
20240207,SH.510050,09:36:48.536,sell,2.954,500,limit
20240207,SH.510050,09:36:49.696,buy,2.953,600,market
20240207,SH.510050,09:36:52.641,buy,2.955,1000,market
20240207,SH.510050,09:36:52.601,sell,2.954,1000,limit
20240207,SH.510050,09:36:53.856,buy,2.955,5000,market
20240207,SH.510050,09:36:51.547,sell,2.951,2000,market
20240207,SH.510050,09:36:52.106,buy,2.955,400,market
20240207,SH.510050,09:36:51.498,buy,2.939,500,stop
20240207,SH.510050,09:36:53.904,sell,2.955,300,limit
20240207,SH.510050,09:36:54.091,sell,2.958,1500,limit
20240207,SH.510050,09:36:54.545,sell,2.957,1000,limit
20240207,SH.510050,09:36:54.627,sell,2.952,500,market
20240207,SH.510050,09:36:55.358,sell,2.957,500,limit
20240207,SH.510050,09:36:56.167,buy,2.949,400,limit
20240207,SH.510050,09:36:57.810,sell,2.949,1500,market
20240207,SH.510050,09:36:59.001,sell,2.954,200,limit
20240207,SH.510050,09:36:57.845,buy,2.952,900,market
20240207,SH.510050,09:36:57.975,sell,2.949,2000,market
20240207,SH.510050,09:36:59.958,sell,2.949,1500,market
20240207,SH.510050,09:36:58.759,sell,2.956,2500,limit
20240207,SH.510050,09:37:00.382,sell,2.954,800,limit
20240207,SH.510050,09:37:00.631,sell,2.947,2000,market
20240207,SH.510050,09:37:00.404,sell,2.948,3000,market
20240207,SH.510050,09:37:05.593,sell,2.954,600,limit
20240207,SH.510050,09:37:05.388,sell,2.955,1000,limit
20240207,SH.510050,09:37:04.948,sell,2.951,2000,limit
20240207,SH.510050,09:37:06.897,buy,2.945,200,limit
20240207,SH.510050,09:37:08.050,sell,2.953,4000,limit
20240207,SH.510050,09:37:07.730,sell,2.957,1500,stop
20240207,SH.510050,09:37:08.375,sell,2.952,1000,limit
20240207,SH.510050,09:37:07.827,sell,2.952,400,limit
20240207,SH.510050,09:37:07.802,sell,2.964,1200,stop
20240207,SH.510050,09:37:06.151,sell,2.953,1500,limit
20240207,SH.510050,09:37:11.559,sell,2.95,600,market
20240207,SH.510050,09:37:11.698,buy,2.947,600,limit
20240207,SH.510050,09:37:09.807,buy,2.955,100,market
20240207,SH.510050,09:37:09.558,buy,2.947,1500,limit
20240207,SH.510050,09:37:14.939,buy,2.947,2000,limit
20240207,SH.510050,09:37:12.465,buy,2.953,5000,market
20240207,SH.510050,09:37:14.703,buy,2.95,400,limit
20240207,SH.510050,09:37:12.336,buy,2.951,1500,limit
20240207,SH.510050,09:37:13.031,buy,2.948,1200,limit
20240207,SH.510050,09:37:13.620,buy,2.949,500,limit
20240207,SH.510050,09:37:13.695,sell,2.957,2500,limit
20240207,SH.510050,09:37:12.084,buy,2.949,1200,limit
20240207,SH.510050,09:37:15.733,sell,2.954,1500,limit
20240207,SH.510050,09:37:15.781,sell,2.956,5000,limit
20240207,SH.510050,09:37:15.418,sell,2.954,300,limit
20240207,SH.510050,09:37:16.577,sell,2.951,800,market
20240207,SH.510050,09:37:16.808,buy,2.953,2000,market
20240207,SH.510050,09:37:19.173,buy,2.948,600,limit
20240207,SH.510050,09:37:20.270,buy,2.95,5000,limit
20240207,SH.510050,09:37:18.170,buy,2.949,1000,limit
20240207,SH.510050,09:37:21.596,sell,2.96,3000,limit
20240207,SH.510050,09:37:21.725,sell,2.96,600,limit
20240207,SH.510050,09:37:22.423,buy,2.955,4000,market
20240207,SH.510050,09:37:21.222,sell,2.968,2000,stop
20240207,SH.510050,09:37:23.754,sell,2.957,200,limit
20240207,SH.510050,09:37:22.459,sell,2.96,600,limit
20240207,SH.510050,09:37:21.419,sell,2.957,1000,limit
20240207,SH.510050,09:37:23.912,buy,2.957,2500,market
20240207,SH.510050,09:37:25.812,sell,2.958,1500,limit
20240207,SH.510050,09:37:25.472,buy,2.951,2500,limit
20240207,SH.510050,09:37:26.633,sell,2.959,300,limit
20240207,SH.510050,09:37:24.751,sell,2.958,600,limit
20240207,SH.510050,09:37:25.062,sell,2.958,200,limit
20240207,SH.510050,09:37:25.017,buy,2.949,800,limit
20240207,SH.510050,09:37:25.670,buy,2.956,1500,market
20240207,SH.510050,09:37:29.605,buy,2.954,600,market
20240207,SH.510050,09:37:28.745,sell,2.955,100,limit
20240207,SH.510050,09:37:28.763,sell,2.955,500,limit
20240207,SH.510050,09:37:29.446,buy,2.949,500,limit
20240207,SH.510050,09:37:27.551,buy,2.95,600,limit
20240207,SH.510050,09:37:32.219,buy,2.949,200,limit
20240207,SH.510050,09:37:31.705,sell,2.952,600,market
20240207,SH.510050,09:37:31.713,buy,2.948,900,limit
20240207,SH.510050,09:37:30.352,sell,2.956,300,limit
20240207,SH.510050,09:37:30.291,buy,2.954,1500,market
20240207,SH.510050,09:37:35.710,sell,2.955,1000,limit
20240207,SH.510050,09:37:33.822,buy,2.956,800,market
20240207,SH.510050,09:37:35.318,sell,2.955,2000,limit
20240207,SH.510050,09:37:33.765,buy,2.948,300,limit
20240207,SH.510050,09:37:35.199,sell,2.956,600,limit
20240207,SH.510050,09:37:34.204,sell,2.953,1000,market
20240207,SH.510050,09:37:34.422,buy,2.949,800,limit
20240207,SH.510050,09:37:35.581,sell,2.956,1200,limit
20240207,SH.510050,09:37:38.559,sell,2.958,800,limit
20240207,SH.510050,09:37:36.145,sell,2.957,1500,limit
20240207,SH.510050,09:37:36.028,buy,2.948,2500,limit
20240207,SH.510050,09:37:40.748,buy,2.954,1000,market
20240207,SH.510050,09:37:40.017,buy,2.955,800,market
20240207,SH.510050,09:37:39.461,sell,2.958,1200,limit
20240207,SH.510050,09:37:41.483,sell,2.959,400,limit
20240207,SH.510050,09:37:44.796,sell,2.957,200,limit
20240207,SH.510050,09:37:42.151,sell,2.958,3000,limit
20240207,SH.510050,09:37:42.451,sell,2.957,1000,limit
20240207,SH.510050,09:37:46.745,sell,2.957,5000,limit
20240207,SH.510050,09:37:46.279,buy,2.951,200,limit
20240207,SH.510050,09:37:46.773,sell,2.954,1000,limit
20240207,SH.510050,09:37:47.954,sell,2.954,300,limit
20240207,SH.510050,09:37:47.894,buy,2.947,5000,limit
20240207,SH.510050,09:37:46.214,sell,2.955,300,limit
20240207,SH.510050,09:37:46.159,buy,2.95,5000,limit
20240207,SH.510050,09:37:46.135,sell,2.956,200,limit
20240207,SH.510050,09:37:49.767,sell,2.955,1000,limit
20240207,SH.510050,09:37:48.664,buy,2.951,300,limit
20240207,SH.510050,09:37:49.365,sell,2.952,2000,market
20240207,SH.510050,09:37:48.670,sell,2.957,2500,limit
20240207,SH.510050,09:37:49.426,sell,2.951,600,market
20240207,SH.510050,09:37:48.977,buy,2.956,2000,market
20240207,SH.510050,09:37:53.667,buy,2.946,2500,stop
20240207,SH.510050,09:37:51.485,buy,2.951,500,limit
20240207,SH.510050,09:37:51.300,sell,2.958,2000,limit
20240207,SH.510050,09:37:52.041,buy,2.949,800,limit
20240207,SH.510050,09:37:53.583,sell,2.955,4000,limit
20240207,SH.510050,09:37:52.942,buy,2.948,600,limit
20240207,SH.510050,09:37:54.120,sell,2.956,900,limit
20240207,SH.510050,09:37:56.115,sell,2.949,1000,market
20240207,SH.510050,09:37:55.593,buy,2.95,200,limit
20240207,SH.510050,09:37:56.402,buy,2.954,3000,market
20240207,SH.510050,09:37:55.129,buy,2.95,3000,limit
20240207,SH.510050,09:37:59.360,sell,2.957,3000,limit
20240207,SH.510050,09:37:58.332,buy,2.954,300,market
20240207,SH.510050,09:37:59.491,sell,2.953,2000,limit
20240207,SH.510050,09:37:57.189,buy,2.947,600,limit
20240207,SH.510050,09:37:59.330,buy,2.947,600,limit
20240207,SH.510050,09:37:57.281,sell,2.954,900,limit
20240207,SH.510050,09:37:57.691,sell,2.95,800,market
20240207,SH.510050,09:38:02.519,sell,2.956,900,limit
20240207,SH.510050,09:38:02.534,sell,2.953,600,limit
20240207,SH.510050,09:38:02.252,buy,2.946,600,limit
20240207,SH.510050,09:38:05.645,buy,2.946,1200,limit
20240207,SH.510050,09:38:05.202,sell,2.948,2000,market
20240207,SH.510050,09:38:05.402,buy,2.953,3000,market
20240207,SH.510050,09:38:04.450,sell,2.966,300,stop
20240207,SH.510050,09:38:04.058,buy,2.945,1000,limit
20240207,SH.510050,09:38:04.745,buy,2.949,1200,limit
20240207,SH.510050,09:38:03.076,sell,2.955,400,limit
20240207,SH.510050,09:38:06.959,buy,2.95,600,market
20240207,SH.510050,09:38:06.464,sell,2.949,600,market
20240207,SH.510050,09:38:06.395,buy,2.946,600,limit
20240207,SH.510050,09:38:07.623,sell,2.953,600,limit
20240207,SH.510050,09:38:08.548,buy,2.944,3000,limit
20240207,SH.510050,09:38:08.330,buy,2.944,300,limit
20240207,SH.510050,09:38:08.928,buy,2.947,300,limit
20240207,SH.510050,09:38:09.223,buy,2.945,200,limit
20240207,SH.510050,09:38:10.702,buy,2.945,300,limit
20240207,SH.510050,09:38:11.583,buy,2.947,200,limit
20240207,SH.510050,09:38:10.704,buy,2.946,1500,limit
20240207,SH.510050,09:38:11.021,buy,2.948,5000,limit
20240207,SH.510050,09:38:10.316,buy,2.946,300,limit
20240207,SH.510050,09:38:12.177,sell,2.955,600,limit
20240207,SH.510050,09:38:13.067,buy,2.939,900,stop
20240207,SH.510050,09:38:14.813,sell,2.954,400,limit
20240207,SH.510050,09:38:12.479,buy,2.952,600,market
20240207,SH.510050,09:38:14.322,sell,2.954,600,limit
20240207,SH.510050,09:38:14.716,sell,2.955,4000,limit
20240207,SH.510050,09:38:12.145,buy,2.954,200,market
20240207,SH.510050,09:38:17.492,buy,2.951,1200,limit
20240207,SH.510050,09:38:16.046,buy,2.954,500,market
20240207,SH.510050,09:38:15.612,sell,2.958,300,limit
20240207,SH.510050,09:38:16.912,buy,2.955,900,market
20240207,SH.510050,09:38:19.315,buy,2.951,400,limit
20240207,SH.510050,09:38:20.920,sell,2.966,400,stop
20240207,SH.510050,09:38:20.448,sell,2.958,500,limit
20240207,SH.510050,09:38:20.327,buy,2.951,500,limit
20240207,SH.510050,09:38:22.640,buy,2.948,4000,limit
20240207,SH.510050,09:38:23.537,buy,2.951,100,limit
20240207,SH.510050,09:38:22.957,sell,2.959,1500,limit
20240207,SH.510050,09:38:22.762,buy,2.948,1500,limit
20240207,SH.510050,09:38:21.968,sell,2.956,200,limit
20240207,SH.510050,09:38:22.920,sell,2.952,1500,market
20240207,SH.510050,09:38:23.841,buy,2.949,5000,limit
20240207,SH.510050,09:38:23.129,sell,2.958,2500,limit
20240207,SH.510050,09:38:25.137,buy,2.949,500,limit
20240207,SH.510050,09:38:24.580,sell,2.958,300,limit
20240207,SH.510050,09:38:25.229,buy,2.949,1000,limit
20240207,SH.510050,09:38:25.181,sell,2.957,300,limit
20240207,SH.510050,09:38:26.292,sell,2.956,1000,limit
20240207,SH.510050,09:38:27.929,buy,2.951,800,limit
20240207,SH.510050,09:38:27.571,buy,2.937,4000,stop
20240207,SH.510050,09:38:27.298,buy,2.949,3000,limit
20240207,SH.510050,09:38:27.592,buy,2.948,800,limit
20240207,SH.510050,09:38:27.458,buy,2.955,300,market
20240207,SH.510050,09:38:29.874,buy,2.955,1500,market
20240207,SH.510050,09:38:29.732,buy,2.947,1000,limit
20240207,SH.510050,09:38:27.918,buy,2.954,1000,market
20240207,SH.510050,09:38:30.192,buy,2.949,2500,limit
20240207,SH.510050,09:38:31.566,sell,2.954,4000,limit
20240207,SH.510050,09:38:31.742,buy,2.939,900,stop
20240207,SH.510050,09:38:32.265,buy,2.951,1500,limit
20240207,SH.510050,09:38:31.279,buy,2.947,1000,limit
20240207,SH.510050,09:38:32.883,sell,2.958,1200,limit
20240207,SH.510050,09:38:33.488,buy,2.953,4000,market
20240207,SH.510050,09:38:34.170,buy,2.951,3000,limit
20240207,SH.510050,09:38:33.155,sell,2.954,900,limit
20240207,SH.510050,09:38:35.749,sell,2.952,1200,market
20240207,SH.510050,09:38:34.543,buy,2.951,5000,limit
20240207,SH.510050,09:38:35.526,buy,2.953,4000,market
20240207,SH.510050,09:38:38.841,sell,2.962,500,stop
20240207,SH.510050,09:38:36.946,buy,2.955,100,market
20240207,SH.510050,09:38:36.715,buy,2.955,2500,market
20240207,SH.510050,09:38:37.266,buy,2.947,500,limit
20240207,SH.510050,09:38:36.854,buy,2.949,1200,limit
20240207,SH.510050,09:38:39.521,buy,2.954,500,market
20240207,SH.510050,09:38:40.354,buy,2.956,4000,market
20240207,SH.510050,09:38:40.996,sell,2.958,500,limit
20240207,SH.510050,09:38:41.617,sell,2.959,3000,limit
20240207,SH.510050,09:38:40.407,buy,2.949,500,limit
20240207,SH.510050,09:38:41.495,buy,2.954,600,market
20240207,SH.510050,09:38:39.463,buy,2.949,2000,limit
20240207,SH.510050,09:38:44.781,buy,2.957,500,market
20240207,SH.510050,09:38:44.082,buy,2.95,2000,limit
20240207,SH.510050,09:38:43.006,sell,2.958,600,limit
20240207,SH.510050,09:38:44.083,sell,2.957,400,limit
20240207,SH.510050,09:38:42.869,buy,2.957,400,market
20240207,SH.510050,09:38:42.463,sell,2.96,2000,limit
20240207,SH.510050,09:38:46.648,sell,2.954,200,limit
20240207,SH.510050,09:38:45.386,buy,2.949,2500,limit
20240207,SH.510050,09:38:46.544,buy,2.948,500,limit
20240207,SH.510050,09:38:46.106,sell,2.955,1500,limit
20240207,SH.510050,09:38:45.650,sell,2.95,600,market
20240207,SH.510050,09:38:45.854,buy,2.951,400,limit
20240207,SH.510050,09:38:47.076,sell,2.952,2000,market
20240207,SH.510050,09:38:50.062,sell,2.951,300,market
20240207,SH.510050,09:38:49.813,buy,2.949,400,limit
20240207,SH.510050,09:38:49.673,buy,2.94,800,stop
20240207,SH.510050,09:38:50.096,buy,2.953,400,market
20240207,SH.510050,09:38:48.841,sell,2.955,200,limit
20240207,SH.510050,09:38:48.827,buy,2.954,600,market
20240207,SH.510050,09:38:49.606,buy,2.949,200,limit
20240207,SH.510050,09:38:53.244,buy,2.951,200,limit
20240207,SH.510050,09:38:52.611,buy,2.95,1000,limit
20240207,SH.510050,09:38:52.108,buy,2.95,200,limit
20240207,SH.510050,09:38:51.033,buy,2.948,400,limit
20240207,SH.510050,09:38:53.736,buy,2.939,900,stop
20240207,SH.510050,09:38:53.247,sell,2.956,1000,limit
20240207,SH.510050,09:38:54.960,buy,2.949,600,limit
20240207,SH.510050,09:38:54.537,sell,2.953,100,market
20240207,SH.510050,09:38:54.251,buy,2.944,200,stop
20240207,SH.510050,09:38:55.154,buy,2.957,1000,market
20240207,SH.510050,09:38:56.335,sell,2.957,2000,limit
20240207,SH.510050,09:38:58.915,sell,2.958,2000,limit
20240207,SH.510050,09:38:58.679,buy,2.951,5000,limit
20240207,SH.510050,09:38:59.440,sell,2.957,3000,limit
20240207,SH.510050,09:38:57.645,buy,2.95,2000,limit
20240207,SH.510050,09:38:57.267,buy,2.942,800,stop
20240207,SH.510050,09:39:00.605,buy,2.955,2000,market
20240207,SH.510050,09:39:00.614,sell,2.953,4000,market
20240207,SH.510050,09:39:00.940,buy,2.949,5000,limit
20240207,SH.510050,09:39:04.716,sell,2.956,400,limit
20240207,SH.510050,09:39:05.438,buy,2.951,400,limit
20240207,SH.510050,09:39:05.146,sell,2.955,4000,limit
20240207,SH.510050,09:39:05.333,buy,2.949,2500,limit
20240207,SH.510050,09:39:06.282,buy,2.955,2000,market
20240207,SH.510050,09:39:08.360,buy,2.952,300,limit
20240207,SH.510050,09:39:07.126,buy,2.95,1500,limit
20240207,SH.510050,09:39:06.247,sell,2.957,1000,limit
20240207,SH.510050,09:39:07.842,buy,2.95,600,limit
20240207,SH.510050,09:39:06.499,sell,2.952,200,market
20240207,SH.510050,09:39:08.794,buy,2.954,1500,market
20240207,SH.510050,09:39:07.473,buy,2.95,500,limit
20240207,SH.510050,09:39:10.058,sell,2.958,400,limit
20240207,SH.510050,09:39:10.905,sell,2.958,1000,limit
20240207,SH.510050,09:39:10.303,sell,2.958,300,limit
20240207,SH.510050,09:39:10.309,sell,2.957,800,limit
20240207,SH.510050,09:39:10.638,sell,2.958,100,limit
20240207,SH.510050,09:39:09.896,buy,2.949,1200,limit
20240207,SH.510050,09:39:13.869,sell,2.957,500,limit
20240207,SH.510050,09:39:13.281,sell,2.956,500,limit
20240207,SH.510050,09:39:12.711,buy,2.95,400,limit
20240207,SH.510050,09:39:14.231,buy,2.944,800,stop
20240207,SH.510050,09:39:13.667,sell,2.954,300,market
20240207,SH.510050,09:39:17.865,sell,2.952,1000,market
20240207,SH.510050,09:39:16.303,sell,2.953,2000,market
20240207,SH.510050,09:39:17.271,sell,2.952,200,market
20240207,SH.510050,09:39:19.022,buy,2.956,200,market
20240207,SH.510050,09:39:18.807,sell,2.953,2000,market
20240207,SH.510050,09:39:20.920,buy,2.948,2000,limit
20240207,SH.510050,09:39:21.527,sell,2.957,3000,limit
20240207,SH.510050,09:39:21.306,sell,2.956,600,limit
20240207,SH.510050,09:39:22.710,sell,2.956,2500,limit
20240207,SH.510050,09:39:25.330,buy,2.952,500,limit
20240207,SH.510050,09:39:25.713,sell,2.957,1000,limit
20240207,SH.510050,09:39:26.934,buy,2.951,3000,limit
20240207,SH.510050,09:39:29.740,sell,2.953,1000,market
20240207,SH.510050,09:39:27.668,sell,2.953,3000,market
20240207,SH.510050,09:39:27.575,sell,2.953,2000,market
20240207,SH.510050,09:39:31.151,sell,2.958,2000,limit
20240207,SH.510050,09:39:31.827,buy,2.954,200,limit
20240207,SH.510050,09:39:30.107,buy,2.954,400,limit
20240207,SH.510050,09:39:35.574,sell,2.96,400,limit
20240207,SH.510050,09:39:34.716,buy,2.952,2000,limit
20240207,SH.510050,09:39:34.996,buy,2.939,1500,stop
20240207,SH.510050,09:39:35.355,sell,2.966,300,stop
20240207,SH.510050,09:39:36.867,sell,2.956,1500,limit
20240207,SH.510050,09:39:37.949,buy,2.953,200,limit
20240207,SH.510050,09:39:38.319,buy,2.955,500,market
20240207,SH.510050,09:39:38.748,buy,2.95,3000,limit
20240207,SH.510050,09:39:40.343,sell,2.969,4000,stop
20240207,SH.510050,09:39:40.406,sell,2.952,600,market
20240207,SH.510050,09:39:40.366,sell,2.961,1500,stop
20240207,SH.510050,09:39:43.602,sell,2.952,1000,market
20240207,SH.510050,09:39:42.908,buy,2.956,3000,market
20240207,SH.510050,09:39:42.559,buy,2.952,400,limit
20240207,SH.510050,09:39:47.465,buy,2.958,2000,market
20240207,SH.510050,09:39:45.918,buy,2.954,1000,limit
20240207,SH.510050,09:39:45.189,buy,2.943,300,stop
20240207,SH.510050,09:39:47.033,buy,2.945,800,stop
20240207,SH.510050,09:39:47.571,sell,2.96,1000,limit
20240207,SH.510050,09:39:45.199,sell,2.953,2000,market
20240207,SH.510050,09:39:46.707,sell,2.96,100,limit
20240207,SH.510050,09:39:45.701,buy,2.952,2000,limit
20240207,SH.510050,09:39:49.485,buy,2.957,1000,market
20240207,SH.510050,09:39:49.774,sell,2.96,600,limit
20240207,SH.510050,09:39:49.349,buy,2.951,800,limit
20240207,SH.510050,09:39:49.953,buy,2.951,900,limit
20240207,SH.510050,09:39:50.407,sell,2.958,600,limit
20240207,SH.510050,09:39:48.207,buy,2.95,1500,limit
20240207,SH.510050,09:39:51.253,buy,2.958,3000,market
20240207,SH.510050,09:39:53.272,sell,2.955,300,market
20240207,SH.510050,09:39:51.044,buy,2.954,2000,limit
20240207,SH.510050,09:39:55.579,buy,2.958,1500,market
20240207,SH.510050,09:39:56.595,sell,2.968,1200,stop
20240207,SH.510050,09:39:56.759,buy,2.954,600,limit
20240207,SH.510050,09:39:56.745,buy,2.96,1000,market
20240207,SH.510050,09:39:56.367,buy,2.952,500,limit
20240207,SH.510050,09:39:54.162,sell,2.956,500,market
20240207,SH.510050,09:39:54.355,sell,2.96,600,limit
20240207,SH.510050,09:39:55.597,buy,2.958,1000,market
20240207,SH.510050,09:39:59.147,buy,2.958,500,market
20240207,SH.510050,09:39:57.121,sell,2.961,300,limit
20240207,SH.510050,09:39:57.356,buy,2.949,500,stop
20240207,SH.510050,09:39:58.660,sell,2.96,1500,limit
20240207,SH.510050,09:39:57.377,buy,2.954,300,limit
20240207,SH.510050,09:39:59.607,buy,2.952,900,limit
20240207,SH.510050,09:40:02.528,buy,2.955,900,limit
20240207,SH.510050,09:40:01.098,sell,2.955,800,market
20240207,SH.510050,09:40:00.119,sell,2.961,500,limit
20240207,SH.510050,09:40:01.233,sell,2.955,2500,market
20240207,SH.510050,09:40:01.264,sell,2.956,300,market
20240207,SH.510050,09:40:04.715,buy,2.953,600,limit
20240207,SH.510050,09:40:04.827,sell,2.959,100,limit
20240207,SH.510050,09:40:04.703,buy,2.956,300,limit
20240207,SH.510050,09:40:05.179,sell,2.961,100,limit
20240207,SH.510050,09:40:05.954,buy,2.956,2000,limit
20240207,SH.510050,09:40:06.741,buy,2.962,200,market
20240207,SH.510050,09:40:06.301,sell,2.965,500,limit
20240207,SH.510050,09:40:06.407,sell,2.971,2000,stop
20240207,SH.510050,09:40:06.188,buy,2.961,3000,market
20240207,SH.510050,09:40:07.586,sell,2.959,2000,market
20240207,SH.510050,09:40:08.098,buy,2.957,800,limit
20240207,SH.510050,09:40:08.694,sell,2.963,200,limit
20240207,SH.510050,09:40:09.189,buy,2.961,2000,market
20240207,SH.510050,09:40:09.918,buy,2.961,900,market
20240207,SH.510050,09:40:10.730,buy,2.959,200,limit
20240207,SH.510050,09:40:11.772,buy,2.961,4000,market
20240207,SH.510050,09:40:10.374,sell,2.96,300,market
20240207,SH.510050,09:40:10.304,sell,2.964,5000,limit
20240207,SH.510050,09:40:11.604,sell,2.962,1500,limit
20240207,SH.510050,09:40:11.667,sell,2.964,5000,limit
20240207,SH.510050,09:40:14.264,sell,2.962,2000,limit
20240207,SH.510050,09:40:13.909,sell,2.966,300,limit
20240207,SH.510050,09:40:13.710,sell,2.962,200,limit
20240207,SH.510050,09:40:12.375,sell,2.964,300,limit
20240207,SH.510050,09:40:13.755,sell,2.963,800,limit
20240207,SH.510050,09:40:13.308,sell,2.962,600,limit
20240207,SH.510050,09:40:14.948,sell,2.965,400,limit
20240207,SH.510050,09:40:12.636,sell,2.96,1500,market
20240207,SH.510050,09:40:15.247,sell,2.958,200,market
20240207,SH.510050,09:40:17.555,sell,2.966,900,limit
20240207,SH.510050,09:40:16.095,sell,2.965,1000,limit
20240207,SH.510050,09:40:15.501,sell,2.96,5000,market
20240207,SH.510050,09:40:15.231,sell,2.966,500,limit
20240207,SH.510050,09:40:16.206,sell,2.962,600,limit
20240207,SH.510050,09:40:16.176,sell,2.966,1500,limit
20240207,SH.510050,09:40:17.127,buy,2.959,5000,limit
20240207,SH.510050,09:40:19.208,buy,2.957,500,limit
20240207,SH.510050,09:40:20.566,sell,2.965,1000,limit
20240207,SH.510050,09:40:19.049,buy,2.96,1000,market
20240207,SH.510050,09:40:23.313,sell,2.964,600,limit
20240207,SH.510050,09:40:23.509,sell,2.964,1000,limit
20240207,SH.510050,09:40:22.136,sell,2.964,1000,limit
20240207,SH.510050,09:40:24.631,buy,2.956,2000,limit
20240207,SH.510050,09:40:25.554,sell,2.962,600,limit
20240207,SH.510050,09:40:25.570,sell,2.962,600,limit
20240207,SH.510050,09:40:24.650,buy,2.956,5000,limit
20240207,SH.510050,09:40:24.421,buy,2.955,400,limit
20240207,SH.510050,09:40:27.350,buy,2.96,300,market
20240207,SH.510050,09:40:28.316,sell,2.963,2000,limit
20240207,SH.510050,09:40:29.692,buy,2.955,900,limit
20240207,SH.510050,09:40:27.209,buy,2.959,400,market
20240207,SH.510050,09:40:28.240,sell,2.956,100,market
20240207,SH.510050,09:40:27.946,sell,2.964,400,limit
20240207,SH.510050,09:40:29.480,buy,2.956,3000,limit
20240207,SH.510050,09:40:27.109,sell,2.968,200,stop
20240207,SH.510050,09:40:32.965,sell,2.959,1200,market
20240207,SH.510050,09:40:31.739,buy,2.956,300,limit
20240207,SH.510050,09:40:32.206,sell,2.958,300,market
20240207,SH.510050,09:40:31.364,buy,2.961,1000,market
20240207,SH.510050,09:40:31.915,sell,2.961,2000,limit
20240207,SH.510050,09:40:30.624,sell,2.964,3000,limit
20240207,SH.510050,09:40:34.261,sell,2.962,300,limit
20240207,SH.510050,09:40:34.257,sell,2.964,1000,limit
20240207,SH.510050,09:40:34.468,buy,2.963,200,market
20240207,SH.510050,09:40:38.325,sell,2.961,300,limit
20240207,SH.510050,09:40:36.302,sell,2.961,1000,limit
20240207,SH.510050,09:40:37.091,sell,2.964,200,limit
20240207,SH.510050,09:40:38.960,buy,2.96,3000,market
20240207,SH.510050,09:40:38.765,buy,2.958,200,limit
20240207,SH.510050,09:40:41.818,sell,2.965,600,limit
20240207,SH.510050,09:40:40.812,sell,2.964,800,limit
20240207,SH.510050,09:40:41.946,buy,2.954,2000,limit
20240207,SH.510050,09:40:39.464,buy,2.955,400,limit
20240207,SH.510050,09:40:41.164,sell,2.967,1500,stop
20240207,SH.510050,09:40:41.798,buy,2.955,2000,limit
20240207,SH.510050,09:40:40.911,sell,2.962,300,limit
20240207,SH.510050,09:40:41.484,buy,2.954,2000,limit
20240207,SH.510050,09:40:43.155,sell,2.957,1000,market
20240207,SH.510050,09:40:44.920,buy,2.956,1000,limit
20240207,SH.510050,09:40:42.537,buy,2.96,2500,market
20240207,SH.510050,09:40:43.095,buy,2.955,1000,limit
20240207,SH.510050,09:40:47.222,buy,2.961,400,market
20240207,SH.510050,09:40:47.338,buy,2.962,3000,market
20240207,SH.510050,09:40:46.169,buy,2.958,1000,limit
20240207,SH.510050,09:40:45.710,sell,2.966,1200,limit
20240207,SH.510050,09:40:46.414,buy,2.956,500,limit
20240207,SH.510050,09:40:47.812,sell,2.967,800,stop
20240207,SH.510050,09:40:46.901,sell,2.963,300,limit
20240207,SH.510050,09:40:49.760,sell,2.965,500,limit
20240207,SH.510050,09:40:48.161,sell,2.969,2000,stop
20240207,SH.510050,09:40:48.279,sell,2.965,1500,limit
20240207,SH.510050,09:40:49.378,sell,2.964,600,limit
20240207,SH.510050,09:40:49.623,sell,2.963,500,limit
20240207,SH.510050,09:40:50.541,buy,2.957,200,limit
20240207,SH.510050,09:40:53.574,buy,2.955,500,limit
20240207,SH.510050,09:40:51.878,sell,2.956,1500,market
20240207,SH.510050,09:40:51.068,sell,2.962,800,limit
20240207,SH.510050,09:40:51.215,buy,2.949,1500,stop
20240207,SH.510050,09:40:56.425,sell,2.964,300,limit
20240207,SH.510050,09:40:56.668,sell,2.964,5000,limit
20240207,SH.510050,09:40:54.104,buy,2.96,3000,market
20240207,SH.510050,09:40:56.374,buy,2.959,300,market
20240207,SH.510050,09:40:59.482,buy,2.955,1500,limit
20240207,SH.510050,09:40:58.250,sell,2.96,900,limit
20240207,SH.510050,09:40:59.584,buy,2.954,600,limit
20240207,SH.510050,09:40:57.663,buy,2.955,300,limit
20240207,SH.510050,09:40:58.334,sell,2.956,2000,market
20240207,SH.510050,09:40:57.131,buy,2.954,300,limit
20240207,SH.510050,09:40:59.202,sell,2.966,2000,stop
20240207,SH.510050,09:40:57.595,buy,2.953,2500,limit
20240207,SH.510050,09:41:01.280,buy,2.957,400,limit
20240207,SH.510050,09:41:01.367,buy,2.959,300,market
20240207,SH.510050,09:41:01.591,sell,2.957,400,market
20240207,SH.510050,09:41:04.121,sell,2.962,1000,limit
20240207,SH.510050,09:41:05.591,sell,2.961,1000,limit
20240207,SH.510050,09:41:04.042,sell,2.96,1000,limit
20240207,SH.510050,09:41:03.041,sell,2.959,100,limit
20240207,SH.510050,09:41:03.102,sell,2.96,500,limit
20240207,SH.510050,09:41:03.347,buy,2.953,600,limit
20240207,SH.510050,09:41:03.487,buy,2.953,1500,limit
20240207,SH.510050,09:41:05.680,sell,2.963,1000,stop
20240207,SH.510050,09:41:07.078,buy,2.952,800,limit
20240207,SH.510050,09:41:07.017,buy,2.951,500,limit
20240207,SH.510050,09:41:08.170,buy,2.953,800,limit
20240207,SH.510050,09:41:07.475,sell,2.959,2000,limit
20240207,SH.510050,09:41:08.182,sell,2.954,400,market
20240207,SH.510050,09:41:06.050,sell,2.954,500,market
20240207,SH.510050,09:41:08.995,sell,2.969,500,stop
20240207,SH.510050,09:41:06.615,sell,2.955,600,market
20240207,SH.510050,09:41:11.842,sell,2.955,400,market
20240207,SH.510050,09:41:10.973,buy,2.951,5000,limit
20240207,SH.510050,09:41:10.903,sell,2.959,1000,limit
20240207,SH.510050,09:41:12.674,buy,2.951,2000,limit
20240207,SH.510050,09:41:13.568,buy,2.952,600,limit
20240207,SH.510050,09:41:12.368,buy,2.957,1000,market
20240207,SH.510050,09:41:16.788,buy,2.952,200,limit
20240207,SH.510050,09:41:16.685,sell,2.954,400,market
20240207,SH.510050,09:41:17.658,buy,2.951,500,limit
20240207,SH.510050,09:41:17.071,sell,2.969,1000,stop
20240207,SH.510050,09:41:17.037,sell,2.958,200,limit
20240207,SH.510050,09:41:16.462,buy,2.955,2000,limit
20240207,SH.510050,09:41:15.902,sell,2.958,400,limit
20240207,SH.510050,09:41:18.189,buy,2.953,800,limit
20240207,SH.510050,09:41:19.802,sell,2.953,900,market
20240207,SH.510050,09:41:18.828,buy,2.952,2000,limit
20240207,SH.510050,09:41:20.715,buy,2.949,300,limit
20240207,SH.510050,09:41:19.010,buy,2.949,200,limit
20240207,SH.510050,09:41:20.215,buy,2.953,300,limit
20240207,SH.510050,09:41:23.989,sell,2.958,500,limit
20240207,SH.510050,09:41:23.417,sell,2.957,4000,limit
20240207,SH.510050,09:41:21.801,buy,2.956,300,market
20240207,SH.510050,09:41:21.328,buy,2.952,1000,limit
20240207,SH.510050,09:41:23.310,buy,2.944,200,stop
20240207,SH.510050,09:41:25.151,buy,2.953,100,limit
20240207,SH.510050,09:41:26.507,sell,2.961,200,limit
20240207,SH.510050,09:41:24.782,buy,2.952,1500,limit
20240207,SH.510050,09:41:26.589,sell,2.959,200,limit
20240207,SH.510050,09:41:25.417,sell,2.97,100,stop
20240207,SH.510050,09:41:24.756,sell,2.957,1000,limit
20240207,SH.510050,09:41:26.177,buy,2.95,400,limit
20240207,SH.510050,09:41:24.667,buy,2.945,2000,stop
20240207,SH.510050,09:41:28.718,buy,2.952,3000,limit
20240207,SH.510050,09:41:27.501,sell,2.959,1200,limit
20240207,SH.510050,09:41:28.569,sell,2.958,100,limit
20240207,SH.510050,09:41:28.927,buy,2.958,300,market
20240207,SH.510050,09:41:28.281,sell,2.954,2000,market
20240207,SH.510050,09:41:31.389,buy,2.949,300,limit
20240207,SH.510050,09:41:32.262,sell,2.956,4000,limit
20240207,SH.510050,09:41:32.675,sell,2.957,400,limit
20240207,SH.510050,09:41:35.102,sell,2.95,200,market
20240207,SH.510050,09:41:35.967,sell,2.955,1500,limit
20240207,SH.510050,09:41:34.507,sell,2.954,200,limit
20240207,SH.510050,09:41:35.171,sell,2.954,300,limit
20240207,SH.510050,09:41:34.972,buy,2.947,900,limit
20240207,SH.510050,09:41:33.991,buy,2.949,2000,limit
20240207,SH.510050,09:41:35.071,buy,2.948,1500,limit
20240207,SH.510050,09:41:34.746,sell,2.954,400,limit
20240207,SH.510050,09:41:36.535,sell,2.949,400,market
20240207,SH.510050,09:41:36.319,sell,2.956,400,limit
20240207,SH.510050,09:41:38.500,sell,2.954,100,limit
20240207,SH.510050,09:41:37.905,buy,2.949,2000,limit
20240207,SH.510050,09:41:38.728,buy,2.953,600,market
20240207,SH.510050,09:41:37.676,sell,2.967,3000,stop
20240207,SH.510050,09:41:38.439,buy,2.948,100,limit
20240207,SH.510050,09:41:40.039,sell,2.955,1200,limit
20240207,SH.510050,09:41:40.460,sell,2.95,2000,market
20240207,SH.510050,09:41:39.550,sell,2.948,2000,market
20240207,SH.510050,09:41:40.314,sell,2.956,900,limit
20240207,SH.510050,09:41:41.686,buy,2.945,200,limit
20240207,SH.510050,09:41:42.191,buy,2.951,600,market
20240207,SH.510050,09:41:42.481,sell,2.949,3000,market
20240207,SH.510050,09:41:44.554,sell,2.955,800,limit
20240207,SH.510050,09:41:44.871,buy,2.953,500,market
20240207,SH.510050,09:41:46.242,buy,2.945,2500,limit
20240207,SH.510050,09:41:45.604,sell,2.964,1500,stop
20240207,SH.510050,09:41:46.691,buy,2.951,1200,market
20240207,SH.510050,09:41:47.573,buy,2.946,2500,limit
20240207,SH.510050,09:41:45.418,buy,2.948,400,limit
20240207,SH.510050,09:41:45.345,sell,2.954,1500,limit
20240207,SH.510050,09:41:46.896,sell,2.952,1000,limit
20240207,SH.510050,09:41:49.348,buy,2.949,1000,limit
20240207,SH.510050,09:41:50.905,buy,2.947,100,limit
20240207,SH.510050,09:41:50.934,sell,2.952,500,limit
20240207,SH.510050,09:41:49.565,buy,2.953,3000,market
20240207,SH.510050,09:41:49.703,buy,2.946,1500,limit
20240207,SH.510050,09:41:51.090,sell,2.952,400,limit
20240207,SH.510050,09:41:53.356,sell,2.959,1500,stop
20240207,SH.510050,09:41:52.629,sell,2.954,1000,limit
20240207,SH.510050,09:41:52.192,buy,2.948,1500,limit
20240207,SH.510050,09:41:51.268,sell,2.954,2000,limit
20240207,SH.510050,09:41:53.104,sell,2.948,400,market
20240207,SH.510050,09:41:51.408,buy,2.951,1500,market
20240207,SH.510050,09:41:55.345,buy,2.939,200,stop
20240207,SH.510050,09:41:56.085,sell,2.949,300,market
20240207,SH.510050,09:41:54.150,sell,2.955,500,limit
20240207,SH.510050,09:41:54.781,buy,2.949,100,limit
20240207,SH.510050,09:41:54.615,sell,2.952,500,limit
20240207,SH.510050,09:41:56.076,sell,2.957,400,stop
20240207,SH.510050,09:41:56.900,sell,2.949,500,market
20240207,SH.510050,09:41:57.053,buy,2.949,1000,limit
20240207,SH.510050,09:41:59.582,sell,2.96,600,stop
20240207,SH.510050,09:41:59.644,sell,2.949,2500,market
20240207,SH.510050,09:41:58.525,sell,2.965,1500,stop
20240207,SH.510050,09:41:58.596,buy,2.945,800,limit
20240207,SH.510050,09:41:57.951,sell,2.949,500,market
20240207,SH.510050,09:41:57.959,buy,2.947,1000,limit
20240207,SH.510050,09:42:01.665,buy,2.952,500,market
20240207,SH.510050,09:42:01.533,sell,2.954,1500,limit
20240207,SH.510050,09:42:01.957,buy,2.952,1000,market
20240207,SH.510050,09:42:01.235,buy,2.947,1000,limit
20240207,SH.510050,09:42:00.990,sell,2.956,200,limit
20240207,SH.510050,09:42:00.618,sell,2.953,2000,limit
20240207,SH.510050,09:42:00.938,sell,2.953,200,limit
20240207,SH.510050,09:42:05.358,buy,2.953,2000,market
20240207,SH.510050,09:42:05.034,buy,2.953,1000,market
20240207,SH.510050,09:42:04.473,sell,2.965,1000,stop
20240207,SH.510050,09:42:04.620,buy,2.952,400,market
20240207,SH.510050,09:42:05.623,sell,2.955,400,limit
20240207,SH.510050,09:42:05.457,sell,2.953,600,limit
20240207,SH.510050,09:42:03.215,buy,2.948,500,limit
20240207,SH.510050,09:42:03.466,sell,2.956,300,limit
20240207,SH.510050,09:42:08.830,sell,2.953,300,limit
20240207,SH.510050,09:42:07.576,buy,2.946,1000,limit
20240207,SH.510050,09:42:07.126,sell,2.952,200,limit
20240207,SH.510050,09:42:07.259,sell,2.953,2000,limit
20240207,SH.510050,09:42:06.615,buy,2.951,800,market
20240207,SH.510050,09:42:06.763,buy,2.944,800,limit
20240207,SH.510050,09:42:08.273,buy,2.951,600,market
20240207,SH.510050,09:42:11.173,sell,2.951,300,limit
20240207,SH.510050,09:42:09.341,sell,2.958,1500,stop
20240207,SH.510050,09:42:10.659,buy,2.937,100,stop
20240207,SH.510050,09:42:09.287,sell,2.951,5000,limit
20240207,SH.510050,09:42:10.713,sell,2.955,1000,limit
20240207,SH.510050,09:42:10.751,buy,2.951,2000,market
20240207,SH.510050,09:42:11.936,sell,2.952,1200,limit
20240207,SH.510050,09:42:13.044,sell,2.952,300,limit
20240207,SH.510050,09:42:14.744,sell,2.957,600,stop
20240207,SH.510050,09:42:13.306,buy,2.949,600,market
20240207,SH.510050,09:42:13.400,sell,2.953,100,limit
20240207,SH.510050,09:42:12.271,sell,2.95,800,limit
20240207,SH.510050,09:42:12.681,sell,2.946,2000,market
20240207,SH.510050,09:42:13.859,buy,2.951,1500,market
20240207,SH.510050,09:42:12.369,buy,2.951,800,market
20240207,SH.510050,09:42:15.743,buy,2.952,400,market
20240207,SH.510050,09:42:17.200,buy,2.945,2500,limit
20240207,SH.510050,09:42:15.552,sell,2.949,200,market
20240207,SH.510050,09:42:20.565,buy,2.953,200,market
20240207,SH.510050,09:42:19.557,sell,2.959,1000,stop
20240207,SH.510050,09:42:20.154,sell,2.954,1500,limit
20240207,SH.510050,09:42:19.086,sell,2.95,1500,market
20240207,SH.510050,09:42:18.436,buy,2.951,1000,limit
20240207,SH.510050,09:42:19.525,sell,2.955,2000,limit
20240207,SH.510050,09:42:19.594,sell,2.954,300,limit
20240207,SH.510050,09:42:18.088,buy,2.942,1500,stop
20240207,SH.510050,09:42:23.702,buy,2.947,1500,limit
20240207,SH.510050,09:42:22.341,sell,2.957,300,limit
20240207,SH.510050,09:42:23.980,buy,2.948,4000,limit
20240207,SH.510050,09:42:21.287,sell,2.956,500,limit
20240207,SH.510050,09:42:26.618,buy,2.954,500,market
20240207,SH.510050,09:42:25.003,buy,2.948,1500,limit
20240207,SH.510050,09:42:25.887,buy,2.95,1000,limit
20240207,SH.510050,09:42:27.311,sell,2.959,400,limit
20240207,SH.510050,09:42:29.123,buy,2.956,2000,market
20240207,SH.510050,09:42:29.663,buy,2.95,5000,limit
20240207,SH.510050,09:42:29.931,sell,2.957,1000,limit
20240207,SH.510050,09:42:28.943,sell,2.958,600,limit
20240207,SH.510050,09:42:27.972,sell,2.951,500,market
20240207,SH.510050,09:42:29.978,buy,2.955,1200,market
20240207,SH.510050,09:42:28.909,sell,2.959,5000,limit
20240207,SH.510050,09:42:31.403,sell,2.95,1500,market
20240207,SH.510050,09:42:31.236,sell,2.958,2500,limit
20240207,SH.510050,09:42:32.431,sell,2.956,400,limit
20240207,SH.510050,09:42:31.547,buy,2.948,2000,limit
20240207,SH.510050,09:42:32.460,buy,2.955,800,market
20240207,SH.510050,09:42:31.241,sell,2.954,200,limit
20240207,SH.510050,09:42:30.218,sell,2.95,3000,market
20240207,SH.510050,09:42:35.427,buy,2.952,3000,limit
20240207,SH.510050,09:42:33.498,sell,2.953,2000,market
20240207,SH.510050,09:42:33.011,sell,2.959,500,limit
20240207,SH.510050,09:42:33.091,sell,2.956,500,limit
20240207,SH.510050,09:42:37.981,sell,2.953,1000,market
20240207,SH.510050,09:42:36.941,buy,2.956,2000,market
20240207,SH.510050,09:42:37.816,sell,2.952,200,market
20240207,SH.510050,09:42:38.569,buy,2.939,400,stop
20240207,SH.510050,09:42:37.588,sell,2.966,5000,stop
20240207,SH.510050,09:42:38.380,sell,2.958,500,limit
20240207,SH.510050,09:42:38.354,buy,2.956,100,market
20240207,SH.510050,09:42:37.015,sell,2.952,600,market
20240207,SH.510050,09:42:40.066,buy,2.951,1500,limit
20240207,SH.510050,09:42:41.450,buy,2.95,1000,limit
20240207,SH.510050,09:42:41.740,sell,2.956,1500,limit
20240207,SH.510050,09:42:41.351,sell,2.959,200,limit
20240207,SH.510050,09:42:40.477,buy,2.951,1000,limit
20240207,SH.510050,09:42:39.744,buy,2.956,1000,market
20240207,SH.510050,09:42:39.482,buy,2.951,1500,limit
20240207,SH.510050,09:42:44.727,buy,2.95,200,limit
20240207,SH.510050,09:42:42.376,buy,2.949,300,limit
20240207,SH.510050,09:42:42.065,sell,2.967,2000,stop
20240207,SH.510050,09:42:43.205,sell,2.953,500,market
20240207,SH.510050,09:42:45.342,buy,2.956,1200,market
20240207,SH.510050,09:42:46.557,buy,2.955,5000,market
20240207,SH.510050,09:42:46.461,buy,2.955,1500,market
20240207,SH.510050,09:42:49.883,buy,2.95,1000,limit
20240207,SH.510050,09:42:48.832,buy,2.957,2000,market
20240207,SH.510050,09:42:49.609,buy,2.944,900,stop
20240207,SH.510050,09:42:49.862,sell,2.96,800,limit
20240207,SH.510050,09:42:50.695,sell,2.954,300,market
20240207,SH.510050,09:42:49.263,sell,2.956,1200,limit
20240207,SH.510050,09:42:49.254,buy,2.949,3000,limit
20240207,SH.510050,09:42:48.642,sell,2.96,3000,limit
20240207,SH.510050,09:42:51.256,sell,2.958,800,limit
20240207,SH.510050,09:42:53.638,sell,2.968,600,stop
20240207,SH.510050,09:42:53.282,sell,2.952,4000,market
20240207,SH.510050,09:42:52.456,sell,2.954,200,market
20240207,SH.510050,09:42:52.594,buy,2.957,1500,market
20240207,SH.510050,09:42:51.910,buy,2.956,100,market
20240207,SH.510050,09:42:52.198,buy,2.953,3000,limit
20240207,SH.510050,09:42:51.052,sell,2.96,5000,limit
20240207,SH.510050,09:42:56.133,buy,2.948,1000,limit
20240207,SH.510050,09:42:56.461,buy,2.95,600,limit
20240207,SH.510050,09:42:55.648,sell,2.952,1500,market
20240207,SH.510050,09:42:55.383,buy,2.955,1000,market
20240207,SH.510050,09:42:56.364,buy,2.949,1200,limit
20240207,SH.510050,09:42:55.699,sell,2.952,2000,market
20240207,SH.510050,09:42:55.845,buy,2.95,200,limit
20240207,SH.510050,09:42:55.601,sell,2.952,2500,market
20240207,SH.510050,09:42:59.545,buy,2.954,1500,market
20240207,SH.510050,09:42:58.755,sell,2.958,5000,limit
20240207,SH.510050,09:42:58.802,sell,2.952,600,market
20240207,SH.510050,09:42:57.794,buy,2.955,2000,market
20240207,SH.510050,09:43:02.473,sell,2.959,900,limit
20240207,SH.510050,09:43:02.237,sell,2.955,2000,limit
20240207,SH.510050,09:43:02.326,sell,2.957,1500,limit
20240207,SH.510050,09:43:04.971,buy,2.951,300,limit
20240207,SH.510050,09:43:04.027,buy,2.953,500,limit
20240207,SH.510050,09:43:04.878,buy,2.953,400,limit
20240207,SH.510050,09:43:05.166,sell,2.958,600,limit
20240207,SH.510050,09:43:04.287,buy,2.95,500,limit
20240207,SH.510050,09:43:05.652,buy,2.952,4000,limit
20240207,SH.510050,09:43:07.304,sell,2.959,600,limit
20240207,SH.510050,09:43:07.485,buy,2.95,900,limit
20240207,SH.510050,09:43:07.458,buy,2.952,3000,limit
20240207,SH.510050,09:43:07.288,buy,2.956,800,market
20240207,SH.510050,09:43:07.814,buy,2.952,2500,limit
20240207,SH.510050,09:43:07.457,buy,2.953,300,limit
20240207,SH.510050,09:43:07.062,buy,2.95,4000,limit
20240207,SH.510050,09:43:06.131,sell,2.958,2500,limit
20240207,SH.510050,09:43:11.053,sell,2.959,1000,limit
20240207,SH.510050,09:43:09.475,buy,2.956,4000,market
20240207,SH.510050,09:43:10.997,buy,2.954,1200,limit
20240207,SH.510050,09:43:10.326,sell,2.953,1000,market
20240207,SH.510050,09:43:09.667,buy,2.952,200,limit
20240207,SH.510050,09:43:10.033,buy,2.953,400,limit
20240207,SH.510050,09:43:09.618,buy,2.952,400,limit
20240207,SH.510050,09:43:12.747,buy,2.95,600,limit
20240207,SH.510050,09:43:12.361,sell,2.959,400,limit
20240207,SH.510050,09:43:13.013,buy,2.951,300,limit
20240207,SH.510050,09:43:14.227,sell,2.96,500,limit
20240207,SH.510050,09:43:14.389,buy,2.953,4000,limit
20240207,SH.510050,09:43:13.068,buy,2.957,4000,market
20240207,SH.510050,09:43:12.588,buy,2.955,200,market
20240207,SH.510050,09:43:14.321,sell,2.957,4000,limit
20240207,SH.510050,09:43:16.511,sell,2.96,5000,limit
20240207,SH.510050,09:43:15.790,sell,2.96,300,limit
20240207,SH.510050,09:43:16.862,buy,2.955,400,market
20240207,SH.510050,09:43:15.273,sell,2.958,300,limit
20240207,SH.510050,09:43:17.973,buy,2.95,1000,limit
20240207,SH.510050,09:43:17.599,sell,2.96,300,limit
20240207,SH.510050,09:43:20.239,sell,2.954,600,market
20240207,SH.510050,09:43:18.885,sell,2.957,2500,limit
20240207,SH.510050,09:43:18.350,buy,2.941,1200,stop
20240207,SH.510050,09:43:19.796,sell,2.958,1500,limit
20240207,SH.510050,09:43:20.277,sell,2.96,900,limit
20240207,SH.510050,09:43:20.376,buy,2.957,1500,market
20240207,SH.510050,09:43:20.501,sell,2.96,4000,limit
20240207,SH.510050,09:43:22.776,buy,2.956,200,market
20240207,SH.510050,09:43:23.945,buy,2.949,200,limit
20240207,SH.510050,09:43:22.856,buy,2.956,500,market
20240207,SH.510050,09:43:21.957,buy,2.957,1200,market
20240207,SH.510050,09:43:21.383,sell,2.957,300,limit
20240207,SH.510050,09:43:21.236,buy,2.952,800,limit
20240207,SH.510050,09:43:23.073,sell,2.954,200,market
20240207,SH.510050,09:43:25.427,sell,2.96,2000,limit
20240207,SH.510050,09:43:24.790,sell,2.96,600,limit
20240207,SH.510050,09:43:25.892,sell,2.955,300,market
20240207,SH.510050,09:43:26.121,buy,2.951,900,limit
20240207,SH.510050,09:43:26.621,sell,2.953,3000,market
20240207,SH.510050,09:43:28.797,sell,2.954,1200,market
20240207,SH.510050,09:43:29.895,sell,2.958,500,limit
20240207,SH.510050,09:43:28.118,sell,2.956,600,market
20240207,SH.510050,09:43:28.487,buy,2.958,1000,market
20240207,SH.510050,09:43:27.930,sell,2.967,200,stop
20240207,SH.510050,09:43:29.462,buy,2.957,800,market
20240207,SH.510050,09:43:32.204,buy,2.956,1000,market
20240207,SH.510050,09:43:30.535,buy,2.941,200,stop
20240207,SH.510050,09:43:30.541,sell,2.958,2500,limit
20240207,SH.510050,09:43:31.058,sell,2.961,100,limit
20240207,SH.510050,09:43:31.806,sell,2.955,200,market
20240207,SH.510050,09:43:30.398,sell,2.954,1000,market
20240207,SH.510050,09:43:32.066,sell,2.954,1500,market
20240207,SH.510050,09:43:31.648,buy,2.95,200,limit
20240207,SH.510050,09:43:33.257,buy,2.952,500,limit
20240207,SH.510050,09:43:33.406,buy,2.955,1000,limit
20240207,SH.510050,09:43:35.532,sell,2.955,600,market
20240207,SH.510050,09:43:33.018,sell,2.958,2000,limit
20240207,SH.510050,09:43:34.568,buy,2.955,500,limit
20240207,SH.510050,09:43:34.859,sell,2.955,200,market
20240207,SH.510050,09:43:38.720,buy,2.953,900,limit
20240207,SH.510050,09:43:38.009,sell,2.956,300,market
20240207,SH.510050,09:43:38.449,buy,2.959,600,market
20240207,SH.510050,09:43:37.467,sell,2.96,300,limit
20240207,SH.510050,09:43:38.117,sell,2.962,300,limit
20240207,SH.510050,09:43:41.763,sell,2.955,1200,market
20240207,SH.510050,09:43:39.346,buy,2.955,200,limit
20240207,SH.510050,09:43:39.218,sell,2.961,600,limit
20240207,SH.510050,09:43:41.411,buy,2.949,600,stop
20240207,SH.510050,09:43:39.633,sell,2.97,600,stop
20240207,SH.510050,09:43:39.352,sell,2.962,200,limit
20240207,SH.510050,09:43:41.804,sell,2.954,4000,market
20240207,SH.510050,09:43:44.756,buy,2.954,400,limit
20240207,SH.510050,09:43:43.224,buy,2.953,400,limit
20240207,SH.510050,09:43:43.678,buy,2.953,200,limit
20240207,SH.510050,09:43:44.293,sell,2.959,600,limit
20240207,SH.510050,09:43:44.722,sell,2.961,2000,limit
20240207,SH.510050,09:43:42.560,sell,2.961,500,limit
20240207,SH.510050,09:43:45.740,sell,2.961,3000,limit
20240207,SH.510050,09:43:46.185,buy,2.952,5000,limit
20240207,SH.510050,09:43:47.952,buy,2.959,1000,market
20240207,SH.510050,09:43:46.485,sell,2.964,2000,stop
20240207,SH.510050,09:43:46.866,buy,2.952,600,limit
20240207,SH.510050,09:43:47.519,sell,2.961,4000,limit
20240207,SH.510050,09:43:46.868,buy,2.954,2000,limit
20240207,SH.510050,09:43:46.952,buy,2.953,400,limit
20240207,SH.510050,09:43:50.302,sell,2.97,600,stop
20240207,SH.510050,09:43:48.984,sell,2.962,900,limit
20240207,SH.510050,09:43:48.485,sell,2.96,1200,limit
20240207,SH.510050,09:43:53.186,buy,2.96,400,market
20240207,SH.510050,09:43:52.296,sell,2.964,1000,limit
20240207,SH.510050,09:43:53.489,buy,2.954,200,limit
20240207,SH.510050,09:43:53.276,buy,2.955,600,limit
20240207,SH.510050,09:43:56.044,sell,2.961,4000,limit
20240207,SH.510050,09:43:56.786,sell,2.959,1500,market
20240207,SH.510050,09:43:54.224,buy,2.955,900,limit
20240207,SH.510050,09:43:58.144,sell,2.965,2000,limit
20240207,SH.510050,09:43:57.090,sell,2.963,4000,limit
20240207,SH.510050,09:43:59.485,sell,2.964,400,limit
20240207,SH.510050,09:43:59.283,buy,2.958,1200,limit
20240207,SH.510050,09:44:01.634,buy,2.962,600,market
20240207,SH.510050,09:44:00.076,sell,2.964,3000,limit
20240207,SH.510050,09:44:00.304,buy,2.953,300,stop
20240207,SH.510050,09:44:00.374,buy,2.956,2000,limit
20240207,SH.510050,09:44:02.992,buy,2.954,1000,limit
20240207,SH.510050,09:44:00.989,buy,2.954,1500,limit
20240207,SH.510050,09:44:02.891,sell,2.963,3000,limit
20240207,SH.510050,09:44:03.240,sell,2.959,1000,limit
20240207,SH.510050,09:44:04.206,sell,2.955,2500,market
20240207,SH.510050,09:44:03.108,buy,2.959,100,market
20240207,SH.510050,09:44:05.292,sell,2.963,2500,limit
20240207,SH.510050,09:44:04.936,buy,2.959,200,market
20240207,SH.510050,09:44:07.612,sell,2.961,3000,limit
20240207,SH.510050,09:44:08.871,sell,2.958,900,limit
20240207,SH.510050,09:44:06.690,buy,2.958,200,market
20240207,SH.510050,09:44:08.533,sell,2.954,200,market
20240207,SH.510050,09:44:11.077,buy,2.951,600,limit
20240207,SH.510050,09:44:09.729,sell,2.959,800,limit
20240207,SH.510050,09:44:09.519,buy,2.956,500,market
20240207,SH.510050,09:44:09.012,sell,2.954,1500,market
20240207,SH.510050,09:44:09.884,buy,2.952,300,limit
20240207,SH.510050,09:44:11.162,sell,2.959,500,limit
20240207,SH.510050,09:44:11.564,sell,2.96,2000,limit
20240207,SH.510050,09:44:11.949,buy,2.952,600,limit
20240207,SH.510050,09:44:12.246,sell,2.955,1500,market
20240207,SH.510050,09:44:14.130,buy,2.955,2000,limit
20240207,SH.510050,09:44:13.986,buy,2.96,1500,market
20240207,SH.510050,09:44:15.424,buy,2.955,300,limit
20240207,SH.510050,09:44:15.163,sell,2.957,600,market
20240207,SH.510050,09:44:17.359,buy,2.96,1200,market
20240207,SH.510050,09:44:15.368,sell,2.961,1000,limit
20240207,SH.510050,09:44:17.172,buy,2.958,300,market
20240207,SH.510050,09:44:20.285,sell,2.955,3000,market
20240207,SH.510050,09:44:19.914,sell,2.96,5000,limit
20240207,SH.510050,09:44:18.895,buy,2.946,400,stop
20240207,SH.510050,09:44:20.265,sell,2.961,200,limit
20240207,SH.510050,09:44:21.274,buy,2.955,200,limit
20240207,SH.510050,09:44:22.622,sell,2.961,1500,limit
20240207,SH.510050,09:44:23.939,sell,2.957,1200,market
20240207,SH.510050,09:44:21.985,buy,2.954,4000,limit
20240207,SH.510050,09:44:25.262,buy,2.941,3000,stop
20240207,SH.510050,09:44:25.532,sell,2.961,2000,limit
20240207,SH.510050,09:44:26.435,sell,2.954,500,market
20240207,SH.510050,09:44:26.656,buy,2.955,1000,limit
20240207,SH.510050,09:44:25.062,sell,2.968,5000,stop
20240207,SH.510050,09:44:24.128,sell,2.962,600,limit
20240207,SH.510050,09:44:26.022,sell,2.959,300,limit
20240207,SH.510050,09:44:26.949,buy,2.953,1000,limit
20240207,SH.510050,09:44:28.429,sell,2.954,5000,market
20240207,SH.510050,09:44:27.403,sell,2.955,1000,market
20240207,SH.510050,09:44:29.552,buy,2.959,1500,market
20240207,SH.510050,09:44:27.025,buy,2.954,300,limit
20240207,SH.510050,09:44:27.540,sell,2.962,100,limit
20240207,SH.510050,09:44:28.485,buy,2.955,1000,limit
20240207,SH.510050,09:44:30.885,sell,2.953,200,market
20240207,SH.510050,09:44:30.039,buy,2.954,2000,limit
20240207,SH.510050,09:44:31.325,sell,2.955,200,market
20240207,SH.510050,09:44:31.684,sell,2.96,200,limit
20240207,SH.510050,09:44:30.957,sell,2.954,500,market
20240207,SH.510050,09:44:35.985,sell,2.959,2000,limit
20240207,SH.510050,09:44:35.969,buy,2.954,300,limit
20240207,SH.510050,09:44:34.830,buy,2.952,300,limit
20240207,SH.510050,09:44:35.694,sell,2.961,800,limit
20240207,SH.510050,09:44:36.135,buy,2.951,200,limit
20240207,SH.510050,09:44:37.162,sell,2.958,400,limit
20240207,SH.510050,09:44:36.113,buy,2.958,200,market
20240207,SH.510050,09:44:36.237,sell,2.953,1000,market
20240207,SH.510050,09:44:36.355,sell,2.957,500,limit
20240207,SH.510050,09:44:37.827,buy,2.95,1500,limit
20240207,SH.510050,09:44:37.535,sell,2.958,200,limit
20240207,SH.510050,09:44:39.970,sell,2.957,900,market
20240207,SH.510050,09:44:41.941,sell,2.963,200,limit
20240207,SH.510050,09:44:40.106,buy,2.96,1000,market
20240207,SH.510050,09:44:43.355,sell,2.962,400,limit
20240207,SH.510050,09:44:43.340,sell,2.961,1200,limit
20240207,SH.510050,09:44:42.056,buy,2.953,1200,limit
20240207,SH.510050,09:44:42.052,sell,2.962,200,limit
20240207,SH.510050,09:44:44.965,sell,2.956,2000,market
20240207,SH.510050,09:44:45.626,buy,2.96,3000,market
20240207,SH.510050,09:44:45.368,sell,2.962,1000,limit
20240207,SH.510050,09:44:47.273,buy,2.956,300,limit
20240207,SH.510050,09:44:46.494,buy,2.957,800,limit
20240207,SH.510050,09:44:45.971,buy,2.961,200,market
20240207,SH.510050,09:44:46.609,buy,2.956,500,limit
20240207,SH.510050,09:44:45.604,buy,2.953,900,limit
20240207,SH.510050,09:44:48.286,buy,2.956,400,limit
20240207,SH.510050,09:44:49.135,sell,2.956,300,market
20240207,SH.510050,09:44:50.828,buy,2.957,600,limit
20240207,SH.510050,09:44:49.341,sell,2.958,1000,market
20240207,SH.510050,09:44:51.337,buy,2.953,300,limit
20240207,SH.510050,09:44:51.261,sell,2.961,1000,limit
20240207,SH.510050,09:44:51.914,sell,2.967,1000,stop
20240207,SH.510050,09:44:56.238,buy,2.96,1000,market
20240207,SH.510050,09:44:54.477,buy,2.955,300,limit
20240207,SH.510050,09:44:54.892,buy,2.956,100,limit
20240207,SH.510050,09:44:55.122,sell,2.957,300,market
20240207,SH.510050,09:44:54.728,sell,2.962,300,limit
20240207,SH.510050,09:44:56.119,sell,2.957,200,market
20240207,SH.510050,09:44:57.764,buy,2.96,4000,market
20240207,SH.510050,09:44:58.932,sell,2.964,900,limit
20240207,SH.510050,09:44:57.285,buy,2.956,200,limit
20240207,SH.510050,09:45:02.616,buy,2.955,1000,limit
20240207,SH.510050,09:45:02.016,sell,2.957,400,market
20240207,SH.510050,09:45:00.022,sell,2.959,200,limit
20240207,SH.510050,09:45:00.632,buy,2.959,300,market
20240207,SH.510050,09:45:05.099,sell,2.955,200,market
20240207,SH.510050,09:45:05.644,sell,2.958,1500,limit
20240207,SH.510050,09:45:03.382,buy,2.959,600,market
20240207,SH.510050,09:45:04.085,sell,2.962,600,limit
20240207,SH.510050,09:45:04.319,sell,2.958,600,limit
20240207,SH.510050,09:45:05.218,buy,2.955,900,limit
20240207,SH.510050,09:45:03.289,sell,2.956,200,market
20240207,SH.510050,09:45:07.098,buy,2.957,5000,market
20240207,SH.510050,09:45:08.431,buy,2.952,400,limit
20240207,SH.510050,09:45:06.087,buy,2.953,300,limit
20240207,SH.510050,09:45:06.942,buy,2.951,2500,limit
20240207,SH.510050,09:45:08.526,buy,2.951,900,limit
20240207,SH.510050,09:45:10.187,sell,2.955,1500,market
20240207,SH.510050,09:45:09.101,buy,2.952,100,limit
20240207,SH.510050,09:45:09.002,buy,2.958,1500,market
20240207,SH.510050,09:45:13.802,sell,2.954,100,market
20240207,SH.510050,09:45:12.768,buy,2.957,1000,market
20240207,SH.510050,09:45:13.020,buy,2.954,900,limit
20240207,SH.510050,09:45:12.281,sell,2.96,600,limit
20240207,SH.510050,09:45:14.952,sell,2.954,200,market
20240207,SH.510050,09:45:13.260,sell,2.957,300,limit
20240207,SH.510050,09:45:17.752,sell,2.96,200,limit
20240207,SH.510050,09:45:15.372,sell,2.953,1000,market
20240207,SH.510050,09:45:16.304,sell,2.957,1000,limit
20240207,SH.510050,09:45:15.709,sell,2.956,1000,limit
20240207,SH.510050,09:45:18.917,sell,2.958,500,limit
20240207,SH.510050,09:45:18.888,buy,2.958,2500,market
20240207,SH.510050,09:45:19.438,buy,2.95,600,limit
20240207,SH.510050,09:45:18.088,buy,2.958,1200,market
20240207,SH.510050,09:45:19.432,sell,2.959,400,limit
20240207,SH.510050,09:45:20.046,sell,2.959,1200,limit
20240207,SH.510050,09:45:19.059,buy,2.95,1500,limit
20240207,SH.510050,09:45:23.469,buy,2.95,500,limit
20240207,SH.510050,09:45:21.074,sell,2.953,300,market
20240207,SH.510050,09:45:22.803,sell,2.96,1000,limit
20240207,SH.510050,09:45:21.996,sell,2.954,3000,market
20240207,SH.510050,09:45:21.201,sell,2.954,3000,market
20240207,SH.510050,09:45:25.459,sell,2.959,5000,limit
20240207,SH.510050,09:45:25.339,sell,2.959,900,limit
20240207,SH.510050,09:45:26.699,buy,2.957,300,market
20240207,SH.510050,09:45:26.133,buy,2.958,1500,market
20240207,SH.510050,09:45:26.452,sell,2.957,500,limit
20240207,SH.510050,09:45:26.517,sell,2.967,800,stop
20240207,SH.510050,09:45:25.791,buy,2.95,2500,limit
20240207,SH.510050,09:45:28.060,sell,2.959,400,limit
20240207,SH.510050,09:45:28.925,buy,2.948,100,stop
20240207,SH.510050,09:45:27.561,sell,2.959,400,limit
20240207,SH.510050,09:45:28.990,buy,2.945,2500,stop
20240207,SH.510050,09:45:32.901,sell,2.96,300,limit
20240207,SH.510050,09:45:30.333,sell,2.955,200,market
20240207,SH.510050,09:45:30.369,sell,2.957,2000,limit
20240207,SH.510050,09:45:32.507,buy,2.956,600,market
20240207,SH.510050,09:45:31.368,buy,2.952,600,limit
20240207,SH.510050,09:45:30.884,buy,2.95,400,limit
20240207,SH.510050,09:45:33.654,sell,2.958,600,limit
20240207,SH.510050,09:45:35.336,buy,2.95,600,limit
20240207,SH.510050,09:45:35.199,buy,2.956,1200,market
20240207,SH.510050,09:45:37.632,buy,2.956,1000,market
20240207,SH.510050,09:45:38.680,buy,2.954,900,limit
20240207,SH.510050,09:45:38.871,sell,2.957,800,limit
20240207,SH.510050,09:45:36.799,sell,2.957,2000,limit
20240207,SH.510050,09:45:38.486,sell,2.959,1000,limit
20240207,SH.510050,09:45:38.576,buy,2.95,300,limit
20240207,SH.510050,09:45:40.359,buy,2.949,300,limit
20240207,SH.510050,09:45:40.566,buy,2.948,5000,limit
20240207,SH.510050,09:45:39.597,buy,2.952,500,limit
20240207,SH.510050,09:45:43.334,buy,2.943,100,stop
20240207,SH.510050,09:45:43.042,buy,2.937,2000,stop
20240207,SH.510050,09:45:43.419,sell,2.956,1000,limit
20240207,SH.510050,09:45:43.224,buy,2.949,500,limit
20240207,SH.510050,09:45:44.803,sell,2.954,2000,limit
20240207,SH.510050,09:45:45.170,sell,2.951,2500,market
20240207,SH.510050,09:45:47.972,sell,2.952,500,market
20240207,SH.510050,09:45:47.446,sell,2.95,2000,market
20240207,SH.510050,09:45:48.410,sell,2.954,300,limit
20240207,SH.510050,09:45:49.878,sell,2.955,500,limit
20240207,SH.510050,09:45:49.060,sell,2.956,1000,limit
20240207,SH.510050,09:45:49.024,buy,2.94,3000,stop
20240207,SH.510050,09:45:52.861,sell,2.959,500,stop
20240207,SH.510050,09:45:51.763,buy,2.952,5000,market
20240207,SH.510050,09:45:53.764,sell,2.95,400,market
20240207,SH.510050,09:45:55.016,buy,2.947,3000,limit
20240207,SH.510050,09:45:56.871,buy,2.953,500,market
20240207,SH.510050,09:45:55.071,buy,2.939,2000,stop
20240207,SH.510050,09:45:57.635,sell,2.953,1000,limit
20240207,SH.510050,09:45:58.470,buy,2.952,1200,market
20240207,SH.510050,09:45:57.862,sell,2.965,400,stop
20240207,SH.510050,09:45:58.039,sell,2.948,200,market
20240207,SH.510050,09:46:01.143,buy,2.95,1000,market
20240207,SH.510050,09:46:00.895,sell,2.951,2500,limit
20240207,SH.510050,09:46:02.733,buy,2.946,100,limit
20240207,SH.510050,09:46:00.108,buy,2.948,5000,limit
20240207,SH.510050,09:46:02.541,sell,2.949,400,market
20240207,SH.510050,09:46:02.367,sell,2.952,2500,limit
20240207,SH.510050,09:46:05.937,buy,2.941,1200,stop
20240207,SH.510050,09:46:03.502,buy,2.947,3000,limit
20240207,SH.510050,09:46:05.817,sell,2.952,2000,limit
20240207,SH.510050,09:46:03.178,sell,2.947,100,market
20240207,SH.510050,09:46:04.817,sell,2.951,200,limit
20240207,SH.510050,09:46:07.739,buy,2.949,5000,limit
20240207,SH.510050,09:46:07.359,sell,2.953,400,limit
20240207,SH.510050,09:46:07.171,buy,2.948,600,limit
20240207,SH.510050,09:46:06.319,sell,2.956,200,limit
20240207,SH.510050,09:46:06.598,buy,2.948,300,limit
20240207,SH.510050,09:46:07.160,sell,2.949,1000,market
20240207,SH.510050,09:46:09.344,buy,2.952,1000,market
20240207,SH.510050,09:46:10.201,buy,2.949,1000,limit
20240207,SH.510050,09:46:09.760,sell,2.956,200,limit
20240207,SH.510050,09:46:10.240,buy,2.951,5000,market
20240207,SH.510050,09:46:10.248,buy,2.949,800,limit
20240207,SH.510050,09:46:11.730,buy,2.947,4000,limit
20240207,SH.510050,09:46:10.355,buy,2.946,5000,limit
20240207,SH.510050,09:46:14.186,buy,2.947,200,limit
20240207,SH.510050,09:46:14.675,sell,2.952,100,limit
20240207,SH.510050,09:46:14.426,buy,2.953,800,market
20240207,SH.510050,09:46:13.687,buy,2.952,2000,market
20240207,SH.510050,09:46:14.861,buy,2.948,1200,limit
20240207,SH.510050,09:46:12.830,sell,2.955,4000,limit
20240207,SH.510050,09:46:12.456,buy,2.945,2000,limit
20240207,SH.510050,09:46:16.518,buy,2.953,500,market
20240207,SH.510050,09:46:17.161,buy,2.947,200,limit
20240207,SH.510050,09:46:16.519,sell,2.954,300,limit
20240207,SH.510050,09:46:16.971,buy,2.95,4000,limit
20240207,SH.510050,09:46:17.817,buy,2.95,200,limit
20240207,SH.510050,09:46:16.792,sell,2.956,200,limit
20240207,SH.510050,09:46:17.480,buy,2.948,600,limit
20240207,SH.510050,09:46:18.634,sell,2.953,400,limit
20240207,SH.510050,09:46:18.172,buy,2.947,800,limit
20240207,SH.510050,09:46:20.461,sell,2.956,2000,limit
20240207,SH.510050,09:46:23.523,buy,2.952,1000,market
20240207,SH.510050,09:46:22.387,buy,2.948,3000,limit
20240207,SH.510050,09:46:23.884,buy,2.946,500,limit
20240207,SH.510050,09:46:21.885,buy,2.947,1000,limit
20240207,SH.510050,09:46:26.801,buy,2.947,300,limit
20240207,SH.510050,09:46:25.943,buy,2.946,200,limit
20240207,SH.510050,09:46:26.801,buy,2.945,2500,limit
20240207,SH.510050,09:46:24.243,sell,2.95,300,limit
20240207,SH.510050,09:46:26.340,sell,2.95,2000,limit
20240207,SH.510050,09:46:28.901,buy,2.945,300,limit
20240207,SH.510050,09:46:27.744,buy,2.946,400,limit
20240207,SH.510050,09:46:29.569,sell,2.952,400,limit
20240207,SH.510050,09:46:29.724,sell,2.951,900,limit
20240207,SH.510050,09:46:29.102,buy,2.947,2000,limit
20240207,SH.510050,09:46:28.833,buy,2.947,800,limit
20240207,SH.510050,09:46:27.361,buy,2.935,500,stop
20240207,SH.510050,09:46:31.477,sell,2.948,2000,market
20240207,SH.510050,09:46:30.844,sell,2.951,100,limit
20240207,SH.510050,09:46:30.934,sell,2.948,900,market
20240207,SH.510050,09:46:30.286,buy,2.947,200,limit
20240207,SH.510050,09:46:30.246,buy,2.946,1000,limit
20240207,SH.510050,09:46:31.125,buy,2.951,800,market
20240207,SH.510050,09:46:35.270,buy,2.951,2000,market
20240207,SH.510050,09:46:35.168,sell,2.956,300,limit
20240207,SH.510050,09:46:35.856,sell,2.953,200,limit
20240207,SH.510050,09:46:35.458,sell,2.948,100,market
20240207,SH.510050,09:46:35.114,buy,2.949,300,limit
20240207,SH.510050,09:46:34.693,sell,2.953,2000,limit
20240207,SH.510050,09:46:37.727,sell,2.952,2000,limit
20240207,SH.510050,09:46:38.789,buy,2.95,600,market
20240207,SH.510050,09:46:36.238,buy,2.946,900,limit
20240207,SH.510050,09:46:36.126,buy,2.948,2500,limit
20240207,SH.510050,09:46:37.895,buy,2.947,1500,limit
20240207,SH.510050,09:46:38.138,buy,2.95,1500,market
20240207,SH.510050,09:46:39.424,sell,2.951,2000,limit
20240207,SH.510050,09:46:41.173,sell,2.955,2000,limit
20240207,SH.510050,09:46:41.065,buy,2.95,200,market
20240207,SH.510050,09:46:40.633,buy,2.945,1000,limit
20240207,SH.510050,09:46:41.847,buy,2.948,1000,limit
20240207,SH.510050,09:46:41.755,buy,2.944,1000,limit
20240207,SH.510050,09:46:42.145,sell,2.953,1000,limit
20240207,SH.510050,09:46:43.280,buy,2.938,2000,stop
20240207,SH.510050,09:46:43.948,sell,2.953,2500,limit
20240207,SH.510050,09:46:42.186,sell,2.954,2000,limit
20240207,SH.510050,09:46:44.844,buy,2.946,300,limit
20240207,SH.510050,09:46:43.622,sell,2.949,400,market
20240207,SH.510050,09:46:42.423,buy,2.951,5000,market
20240207,SH.510050,09:46:46.450,sell,2.955,300,limit
20240207,SH.510050,09:46:46.191,sell,2.95,1000,market
20240207,SH.510050,09:46:45.023,sell,2.956,400,limit
20240207,SH.510050,09:46:47.350,sell,2.956,1000,limit
20240207,SH.510050,09:46:46.244,buy,2.946,200,limit
20240207,SH.510050,09:46:48.064,buy,2.939,1000,stop
20240207,SH.510050,09:46:49.072,buy,2.953,600,market
20240207,SH.510050,09:46:48.669,sell,2.953,400,limit
20240207,SH.510050,09:46:50.233,buy,2.946,500,limit
20240207,SH.510050,09:46:49.883,sell,2.949,1000,market
20240207,SH.510050,09:46:51.094,sell,2.949,100,market
20240207,SH.510050,09:46:51.889,buy,2.953,2000,market
20240207,SH.510050,09:46:52.717,buy,2.953,4000,market
20240207,SH.510050,09:46:51.091,buy,2.953,900,market
20240207,SH.510050,09:46:52.365,sell,2.952,1000,limit
20240207,SH.510050,09:46:51.018,buy,2.953,1200,market
20240207,SH.510050,09:46:55.496,buy,2.945,5000,limit
20240207,SH.510050,09:46:54.978,sell,2.954,600,limit
20240207,SH.510050,09:46:56.211,sell,2.956,600,limit
20240207,SH.510050,09:46:59.873,buy,2.953,1500,market
20240207,SH.510050,09:46:59.684,sell,2.952,100,limit
20240207,SH.510050,09:46:57.971,buy,2.952,2000,market
20240207,SH.510050,09:46:58.151,sell,2.952,400,limit
20240207,SH.510050,09:46:57.632,buy,2.949,2000,limit
20240207,SH.510050,09:46:58.839,buy,2.939,1500,stop
20240207,SH.510050,09:47:00.711,sell,2.956,1200,limit
20240207,SH.510050,09:47:02.648,buy,2.946,2000,limit
20240207,SH.510050,09:47:01.142,buy,2.951,3000,market
