date,symbol,time_str,price,quantity
20240207,SH.510050,09:30:02.620,2.948,1000
20240207,SH.510050,09:30:01.586,2.947,1200
20240207,SH.510050,09:30:08.564,2.947,5000
20240207,SH.510050,09:30:06.530,2.947,5000
20240207,SH.510050,09:30:10.012,2.948,1500
20240207,SH.510050,09:30:10.555,2.949,1500
20240207,SH.510050,09:30:13.595,2.947,800
20240207,SH.510050,09:30:14.758,2.947,300
20240207,SH.510050,09:30:12.866,2.948,3000
20240207,SH.510050,09:30:19.887,2.949,4000
20240207,SH.510050,09:30:25.544,2.951,200
20240207,SH.510050,09:30:29.009,2.95,4000
20240207,SH.510050,09:30:28.378,2.95,600
20240207,SH.510050,09:30:31.606,2.95,1100
20240207,SH.510050,09:30:37.766,2.95,2000
20240207,SH.510050,09:30:41.002,2.949,1200
20240207,SH.510050,09:30:42.703,2.951,300
20240207,SH.510050,09:30:42.700,2.951,300
20240207,SH.510050,09:30:42.402,2.951,1000
20240207,SH.510050,09:30:46.290,2.95,900
20240207,SH.510050,09:30:45.097,2.949,1000
20240207,SH.510050,09:30:49.752,2.949,200
20240207,SH.510050,09:30:48.278,2.948,800
20240207,SH.510050,09:30:53.812,2.948,100
20240207,SH.510050,09:30:56.427,2.948,200
20240207,SH.510050,09:30:55.987,2.948,600
20240207,SH.510050,09:30:56.986,2.947,800
20240207,SH.510050,09:30:56.548,2.948,1000
20240207,SH.510050,09:31:02.968,2.947,3000
20240207,SH.510050,09:31:02.340,2.948,200
20240207,SH.510050,09:31:05.839,2.949,200
20240207,SH.510050,09:31:05.433,2.949,600
20240207,SH.510050,09:31:06.753,2.95,200
20240207,SH.510050,09:31:09.314,2.95,1500
20240207,SH.510050,09:31:09.164,2.949,1500
20240207,SH.510050,09:31:09.707,2.949,1000
20240207,SH.510050,09:31:14.024,2.95,2000
20240207,SH.510050,09:31:12.476,2.949,800
20240207,SH.510050,09:31:14.666,2.95,1200
20240207,SH.510050,09:31:14.912,2.949,800
20240207,SH.510050,09:31:16.873,2.949,500
20240207,SH.510050,09:31:15.835,2.95,100
20240207,SH.510050,09:31:17.275,2.949,600
20240207,SH.510050,09:31:18.230,2.949,1000
20240207,SH.510050,09:31:20.469,2.949,2500
20240207,SH.510050,09:31:20.441,2.949,4000
20240207,SH.510050,09:31:24.914,2.95,5000
20240207,SH.510050,09:31:24.520,2.951,2500
20240207,SH.510050,09:31:26.841,2.951,3000
20240207,SH.510050,09:31:24.883,2.95,100
20240207,SH.510050,09:31:25.035,2.95,900
20240207,SH.510050,09:31:36.962,2.948,200
20240207,SH.510050,09:31:37.621,2.948,400
20240207,SH.510050,09:31:38.768,2.947,300
20240207,SH.510050,09:31:40.155,2.947,200
20240207,SH.510050,09:31:42.196,2.947,5000
20240207,SH.510050,09:31:44.959,2.946,400
20240207,SH.510050,09:31:42.900,2.946,500
20240207,SH.510050,09:31:46.158,2.946,800
20240207,SH.510050,09:31:50.854,2.945,400
20240207,SH.510050,09:31:48.906,2.946,4000
20240207,SH.510050,09:31:48.550,2.945,1200
20240207,SH.510050,09:31:49.091,2.945,1200
20240207,SH.510050,09:31:53.034,2.945,800
20240207,SH.510050,09:31:53.416,2.946,300
20240207,SH.510050,09:31:55.423,2.945,900
20240207,SH.510050,09:31:59.958,2.944,900
20240207,SH.510050,09:31:57.996,2.944,600
20240207,SH.510050,09:32:01.585,2.945,200
20240207,SH.510050,09:32:02.796,2.944,4000
20240207,SH.510050,09:32:03.100,2.945,600
20240207,SH.510050,09:32:05.868,2.945,800
20240207,SH.510050,09:32:06.048,2.944,1500
20240207,SH.510050,09:32:09.519,2.944,2000
20240207,SH.510050,09:32:14.785,2.945,2000
20240207,SH.510050,09:32:13.049,2.944,2000
20240207,SH.510050,09:32:15.320,2.944,3000
20240207,SH.510050,09:32:16.114,2.945,3100
20240207,SH.510050,09:32:16.798,2.944,1000
20240207,SH.510050,09:32:18.440,2.944,600
20240207,SH.510050,09:32:22.263,2.944,5000
20240207,SH.510050,09:32:24.646,2.944,3000
20240207,SH.510050,09:32:30.877,2.944,600
20240207,SH.510050,09:32:30.166,2.943,1000
20240207,SH.510050,09:32:33.478,2.946,300
20240207,SH.510050,09:32:33.985,2.945,3000
20240207,SH.510050,09:32:37.260,2.946,1000
20240207,SH.510050,09:32:38.612,2.946,200
20240207,SH.510050,09:32:36.429,2.947,1400
20240207,SH.510050,09:32:38.832,2.947,200
20240207,SH.510050,09:32:41.686,2.948,900
20240207,SH.510050,09:32:40.426,2.949,3100
20240207,SH.510050,09:32:39.523,2.949,400
20240207,SH.510050,09:32:42.753,2.947,2500
20240207,SH.510050,09:32:42.988,2.948,400
20240207,SH.510050,09:32:47.322,2.946,500
20240207,SH.510050,09:32:46.899,2.946,1200
20240207,SH.510050,09:32:50.792,2.946,2500
20240207,SH.510050,09:32:48.188,2.946,300
20240207,SH.510050,09:32:52.527,2.947,100
20240207,SH.510050,09:32:54.801,2.948,400
20240207,SH.510050,09:32:55.371,2.948,1000
20240207,SH.510050,09:32:59.031,2.948,600
20240207,SH.510050,09:32:59.247,2.948,500
20240207,SH.510050,09:33:02.058,2.948,900
20240207,SH.510050,09:33:09.097,2.949,1500
20240207,SH.510050,09:33:10.653,2.949,500
20240207,SH.510050,09:33:10.568,2.949,500
20240207,SH.510050,09:33:11.726,2.949,1000
20240207,SH.510050,09:33:12.146,2.95,2000
20240207,SH.510050,09:33:14.031,2.95,2500
20240207,SH.510050,09:33:16.479,2.949,200
20240207,SH.510050,09:33:16.671,2.949,1200
20240207,SH.510050,09:33:17.292,2.948,100
20240207,SH.510050,09:33:16.859,2.949,800
20240207,SH.510050,09:33:17.621,2.948,100
20240207,SH.510050,09:33:17.071,2.948,2500
20240207,SH.510050,09:33:15.912,2.949,4000
20240207,SH.510050,09:33:19.732,2.95,900
20240207,SH.510050,09:33:19.318,2.949,5000
20240207,SH.510050,09:33:20.421,2.949,300
20240207,SH.510050,09:33:20.465,2.95,3000
20240207,SH.510050,09:33:19.184,2.949,600
20240207,SH.510050,09:33:23.330,2.951,1200
20240207,SH.510050,09:33:23.007,2.951,600
20240207,SH.510050,09:33:24.576,2.952,400
20240207,SH.510050,09:33:24.894,2.952,4000
20240207,SH.510050,09:33:26.078,2.952,2500
20240207,SH.510050,09:33:26.970,2.952,1900
20240207,SH.510050,09:33:25.176,2.951,1500
20240207,SH.510050,09:33:29.196,2.952,800
20240207,SH.510050,09:33:27.017,2.951,1500
20240207,SH.510050,09:33:32.375,2.951,800
20240207,SH.510050,09:33:32.749,2.951,200
20240207,SH.510050,09:33:34.827,2.95,300
20240207,SH.510050,09:33:34.620,2.951,900
20240207,SH.510050,09:33:33.392,2.95,300
20240207,SH.510050,09:33:38.223,2.95,600
20240207,SH.510050,09:33:41.042,2.951,2500
20240207,SH.510050,09:33:47.910,2.952,5000
20240207,SH.510050,09:33:48.701,2.951,500
20240207,SH.510050,09:33:53.506,2.951,100
20240207,SH.510050,09:33:52.030,2.951,400
20240207,SH.510050,09:33:51.248,2.952,800
20240207,SH.510050,09:33:55.354,2.952,800
20240207,SH.510050,09:34:01.820,2.953,600
20240207,SH.510050,09:34:08.369,2.952,600
20240207,SH.510050,09:34:06.435,2.953,400
20240207,SH.510050,09:34:17.140,2.952,5000
20240207,SH.510050,09:34:15.896,2.953,400
20240207,SH.510050,09:34:17.124,2.953,200
20240207,SH.510050,09:34:17.469,2.953,1500
20240207,SH.510050,09:34:18.592,2.952,1000
20240207,SH.510050,09:34:22.232,2.952,300
20240207,SH.510050,09:34:23.182,2.952,100
20240207,SH.510050,09:34:21.725,2.953,100
20240207,SH.510050,09:34:23.914,2.953,900
20240207,SH.510050,09:34:30.335,2.952,900
20240207,SH.510050,09:34:32.343,2.951,300
20240207,SH.510050,09:34:36.163,2.949,100
20240207,SH.510050,09:34:36.581,2.95,100
20240207,SH.510050,09:34:42.477,2.948,400
20240207,SH.510050,09:34:44.795,2.948,1000
20240207,SH.510050,09:34:48.644,2.947,1000
20240207,SH.510050,09:34:50.311,2.946,300
20240207,SH.510050,09:34:49.284,2.946,600
20240207,SH.510050,09:34:53.408,2.945,600
20240207,SH.510050,09:34:56.829,2.944,300
20240207,SH.510050,09:34:54.489,2.944,100
20240207,SH.510050,09:34:54.459,2.944,2000
20240207,SH.510050,09:35:03.335,2.945,200
20240207,SH.510050,09:35:05.302,2.945,1000
20240207,SH.510050,09:35:04.776,2.945,1000
20240207,SH.510050,09:35:04.029,2.944,300
20240207,SH.510050,09:35:04.927,2.944,900
20240207,SH.510050,09:35:17.211,2.945,300
20240207,SH.510050,09:35:18.207,2.946,2000
20240207,SH.510050,09:35:23.497,2.947,600
20240207,SH.510050,09:35:26.254,2.947,100
20240207,SH.510050,09:35:30.374,2.945,2000
20240207,SH.510050,09:35:32.362,2.946,300
20240207,SH.510050,09:35:37.041,2.946,1000
20240207,SH.510050,09:35:38.641,2.947,1000
20240207,SH.510050,09:35:40.202,2.947,100
20240207,SH.510050,09:35:47.361,2.949,4000
20240207,SH.510050,09:35:49.501,2.947,300
20240207,SH.510050,09:35:48.350,2.947,3000
20240207,SH.510050,09:35:48.981,2.947,1500
20240207,SH.510050,09:35:49.291,2.946,100
20240207,SH.510050,09:35:53.008,2.946,500
20240207,SH.510050,09:35:56.303,2.946,800
20240207,SH.510050,09:35:54.914,2.946,800
20240207,SH.510050,09:35:57.798,2.944,5000
20240207,SH.510050,09:35:58.019,2.945,500
20240207,SH.510050,09:36:01.929,2.946,900
20240207,SH.510050,09:36:03.975,2.946,4000
20240207,SH.510050,09:36:05.238,2.947,400
20240207,SH.510050,09:36:04.879,2.947,2500
20240207,SH.510050,09:36:07.397,2.946,100
20240207,SH.510050,09:36:07.446,2.945,100
20240207,SH.510050,09:36:09.556,2.946,3200
20240207,SH.510050,09:36:09.322,2.947,100
20240207,SH.510050,09:36:10.700,2.946,100
20240207,SH.510050,09:36:10.536,2.946,1200
20240207,SH.510050,09:36:15.736,2.949,500
20240207,SH.510050,09:36:16.473,2.948,500
20240207,SH.510050,09:36:20.776,2.948,1000
20240207,SH.510050,09:36:18.707,2.948,100
20240207,SH.510050,09:36:25.492,2.95,400
20240207,SH.510050,09:36:24.385,2.95,300
20240207,SH.510050,09:36:27.364,2.95,300
20240207,SH.510050,09:36:36.547,2.951,300
20240207,SH.510050,09:36:39.764,2.953,1200
20240207,SH.510050,09:36:41.599,2.952,4000
20240207,SH.510050,09:36:42.849,2.95,2000
20240207,SH.510050,09:36:42.723,2.951,800
20240207,SH.510050,09:36:49.696,2.951,600
20240207,SH.510050,09:36:52.641,2.953,1000
20240207,SH.510050,09:36:53.856,2.953,4200
20240207,SH.510050,09:36:51.547,2.952,2000
20240207,SH.510050,09:36:52.106,2.953,400
20240207,SH.510050,09:36:54.627,2.952,100
20240207,SH.510050,09:36:57.810,2.95,1500
20240207,SH.510050,09:36:57.845,2.951,900
20240207,SH.510050,09:36:57.975,2.95,700
20240207,SH.510050,09:36:59.958,2.95,1500
20240207,SH.510050,09:37:00.631,2.949,2000
20240207,SH.510050,09:37:00.404,2.949,3000
20240207,SH.510050,09:37:11.559,2.952,600
20240207,SH.510050,09:37:09.807,2.953,100
20240207,SH.510050,09:37:12.465,2.953,3700
20240207,SH.510050,09:37:16.577,2.952,800
20240207,SH.510050,09:37:16.808,2.953,1500
20240207,SH.510050,09:37:22.423,2.955,2800
20240207,SH.510050,09:37:23.912,2.955,2200
20240207,SH.510050,09:37:25.670,2.955,500
20240207,SH.510050,09:37:29.605,2.954,600
20240207,SH.510050,09:37:31.705,2.952,600
20240207,SH.510050,09:37:30.291,2.953,1500
20240207,SH.510050,09:37:33.822,2.954,800
20240207,SH.510050,09:37:34.204,2.953,1000
20240207,SH.510050,09:37:40.748,2.954,700
20240207,SH.510050,09:37:40.017,2.954,400
20240207,SH.510050,09:37:49.365,2.953,2000
20240207,SH.510050,09:37:49.426,2.953,600
20240207,SH.510050,09:37:48.977,2.954,2000
20240207,SH.510050,09:37:56.115,2.951,1000
20240207,SH.510050,09:37:56.402,2.952,3000
20240207,SH.510050,09:37:58.332,2.952,300
20240207,SH.510050,09:37:57.691,2.951,800
20240207,SH.510050,09:38:05.202,2.95,1200
20240207,SH.510050,09:38:05.402,2.951,3000
20240207,SH.510050,09:38:06.959,2.95,600
20240207,SH.510050,09:38:06.464,2.949,600
20240207,SH.510050,09:38:12.479,2.952,600
20240207,SH.510050,09:38:12.145,2.952,200
20240207,SH.510050,09:38:16.046,2.953,500
20240207,SH.510050,09:38:16.912,2.953,900
20240207,SH.510050,09:38:22.920,2.953,1500
20240207,SH.510050,09:38:27.458,2.953,200
20240207,SH.510050,09:38:29.874,2.953,1300
20240207,SH.510050,09:38:27.918,2.953,1000
20240207,SH.510050,09:38:33.488,2.953,4000
20240207,SH.510050,09:38:35.749,2.952,1200
20240207,SH.510050,09:38:35.526,2.953,4000
20240207,SH.510050,09:38:36.946,2.953,100
20240207,SH.510050,09:38:36.715,2.953,2500
20240207,SH.510050,09:38:39.521,2.954,500
20240207,SH.510050,09:38:40.354,2.954,4000
20240207,SH.510050,09:38:41.495,2.954,500
20240207,SH.510050,09:38:44.781,2.955,100
20240207,SH.510050,09:38:42.869,2.955,400
20240207,SH.510050,09:38:45.650,2.952,600
20240207,SH.510050,09:38:47.076,2.952,2000
20240207,SH.510050,09:38:50.062,2.951,300
20240207,SH.510050,09:38:50.096,2.952,400
20240207,SH.510050,09:38:48.827,2.952,600
20240207,SH.510050,09:38:54.537,2.954,100
20240207,SH.510050,09:38:55.154,2.955,1000
20240207,SH.510050,09:39:00.605,2.954,2000
20240207,SH.510050,09:39:00.614,2.953,4000
20240207,SH.510050,09:39:06.282,2.954,2000
20240207,SH.510050,09:39:06.499,2.953,200
20240207,SH.510050,09:39:08.794,2.954,1500
20240207,SH.510050,09:39:13.667,2.954,200
20240207,SH.510050,09:39:17.865,2.953,1000
20240207,SH.510050,09:39:16.303,2.953,2000
20240207,SH.510050,09:39:17.271,2.953,100
20240207,SH.510050,09:39:19.022,2.954,100
20240207,SH.510050,09:39:18.807,2.953,1100
20240207,SH.510050,09:39:29.740,2.955,1000
20240207,SH.510050,09:39:27.668,2.955,3000
20240207,SH.510050,09:39:27.575,2.955,2000
20240207,SH.510050,09:39:38.319,2.955,500
20240207,SH.510050,09:39:40.406,2.954,600
20240207,SH.510050,09:39:43.602,2.954,1000
20240207,SH.510050,09:39:42.908,2.955,3000
20240207,SH.510050,09:39:47.465,2.956,2000
20240207,SH.510050,09:39:45.199,2.955,800
20240207,SH.510050,09:39:49.485,2.956,800
20240207,SH.510050,09:39:51.253,2.958,3000
20240207,SH.510050,09:39:53.272,2.957,100
20240207,SH.510050,09:39:55.579,2.958,1500
20240207,SH.510050,09:39:56.745,2.958,600
20240207,SH.510050,09:39:54.162,2.957,500
20240207,SH.510050,09:39:55.597,2.958,1000
20240207,SH.510050,09:39:59.147,2.957,500
20240207,SH.510050,09:40:01.098,2.956,300
20240207,SH.510050,09:40:01.233,2.956,2000
20240207,SH.510050,09:40:01.264,2.956,300
20240207,SH.510050,09:40:06.741,2.96,200
20240207,SH.510050,09:40:06.188,2.96,3000
20240207,SH.510050,09:40:07.586,2.959,2000
20240207,SH.510050,09:40:09.189,2.961,2000
20240207,SH.510050,09:40:09.918,2.961,900
20240207,SH.510050,09:40:11.772,2.961,1400
20240207,SH.510050,09:40:10.374,2.96,300
20240207,SH.510050,09:40:12.636,2.96,1500
20240207,SH.510050,09:40:15.247,2.96,200
20240207,SH.510050,09:40:15.501,2.96,5000
20240207,SH.510050,09:40:19.049,2.96,1000
20240207,SH.510050,09:40:27.350,2.959,300
20240207,SH.510050,09:40:27.209,2.959,400
20240207,SH.510050,09:40:28.240,2.958,100
20240207,SH.510050,09:40:32.965,2.959,1200
20240207,SH.510050,09:40:32.206,2.959,300
20240207,SH.510050,09:40:31.364,2.96,1000
20240207,SH.510050,09:40:34.468,2.961,100
20240207,SH.510050,09:40:38.960,2.96,3000
20240207,SH.510050,09:40:43.155,2.959,1000
20240207,SH.510050,09:40:42.537,2.96,1400
20240207,SH.510050,09:40:47.222,2.961,400
20240207,SH.510050,09:40:47.338,2.961,3000
20240207,SH.510050,09:40:51.878,2.958,1500
20240207,SH.510050,09:40:54.104,2.959,3000
20240207,SH.510050,09:40:56.374,2.959,100
20240207,SH.510050,09:40:58.334,2.958,1400
20240207,SH.510050,09:41:01.367,2.959,300
20240207,SH.510050,09:41:01.591,2.958,400
20240207,SH.510050,09:41:08.182,2.956,400
20240207,SH.510050,09:41:06.050,2.956,500
20240207,SH.510050,09:41:06.615,2.956,200
20240207,SH.510050,09:41:11.842,2.956,400
20240207,SH.510050,09:41:12.368,2.956,1000
20240207,SH.510050,09:41:16.685,2.956,200
20240207,SH.510050,09:41:19.802,2.954,900
20240207,SH.510050,09:41:21.801,2.955,300
20240207,SH.510050,09:41:28.927,2.956,300
20240207,SH.510050,09:41:28.281,2.955,2000
20240207,SH.510050,09:41:35.102,2.952,100
20240207,SH.510050,09:41:36.535,2.951,200
20240207,SH.510050,09:41:38.728,2.952,600
20240207,SH.510050,09:41:40.460,2.95,2000
20240207,SH.510050,09:41:39.550,2.95,2000
20240207,SH.510050,09:41:42.191,2.951,600
20240207,SH.510050,09:41:42.481,2.95,3000
20240207,SH.510050,09:41:44.871,2.951,500
20240207,SH.510050,09:41:46.691,2.951,1200
20240207,SH.510050,09:41:49.565,2.951,3000
20240207,SH.510050,09:41:53.104,2.95,400
20240207,SH.510050,09:41:51.408,2.951,600
20240207,SH.510050,09:41:56.085,2.95,300
20240207,SH.510050,09:41:56.900,2.95,500
20240207,SH.510050,09:41:59.644,2.95,1800
20240207,SH.510050,09:41:57.951,2.95,500
20240207,SH.510050,09:42:01.665,2.951,200
20240207,SH.510050,09:42:01.957,2.951,1000
20240207,SH.510050,09:42:05.358,2.951,1200
20240207,SH.510050,09:42:05.034,2.951,1000
20240207,SH.510050,09:42:04.620,2.951,400
20240207,SH.510050,09:42:06.615,2.95,700
20240207,SH.510050,09:42:08.273,2.95,400
20240207,SH.510050,09:42:10.751,2.95,2000
20240207,SH.510050,09:42:13.306,2.949,600
20240207,SH.510050,09:42:12.681,2.948,2000
20240207,SH.510050,09:42:13.859,2.949,1500
20240207,SH.510050,09:42:12.369,2.949,300
20240207,SH.510050,09:42:15.743,2.951,400
20240207,SH.510050,09:42:15.552,2.95,200
20240207,SH.510050,09:42:20.565,2.953,200
20240207,SH.510050,09:42:19.086,2.952,1500
20240207,SH.510050,09:42:26.618,2.953,500
20240207,SH.510050,09:42:29.123,2.954,1200
20240207,SH.510050,09:42:27.972,2.953,500
20240207,SH.510050,09:42:29.978,2.954,700
20240207,SH.510050,09:42:31.403,2.952,900
20240207,SH.510050,09:42:32.460,2.953,800
20240207,SH.510050,09:42:30.218,2.952,1200
20240207,SH.510050,09:42:33.498,2.953,2000
20240207,SH.510050,09:42:37.981,2.954,1000
20240207,SH.510050,09:42:36.941,2.955,2000
20240207,SH.510050,09:42:37.816,2.954,200
20240207,SH.510050,09:42:38.354,2.955,100
20240207,SH.510050,09:42:37.015,2.954,600
20240207,SH.510050,09:42:39.744,2.955,1000
20240207,SH.510050,09:42:43.205,2.954,500
20240207,SH.510050,09:42:45.342,2.954,1200
20240207,SH.510050,09:42:46.557,2.954,5000
20240207,SH.510050,09:42:46.461,2.954,1500
20240207,SH.510050,09:42:48.832,2.955,2000
20240207,SH.510050,09:42:50.695,2.954,300
20240207,SH.510050,09:42:53.282,2.954,4000
20240207,SH.510050,09:42:52.456,2.954,200
20240207,SH.510050,09:42:52.594,2.955,1500
20240207,SH.510050,09:42:51.910,2.955,100
20240207,SH.510050,09:42:55.648,2.953,1500
20240207,SH.510050,09:42:55.383,2.954,1000
20240207,SH.510050,09:42:55.699,2.953,2000
20240207,SH.510050,09:42:55.601,2.953,1200
20240207,SH.510050,09:42:59.545,2.953,1500
20240207,SH.510050,09:42:58.802,2.952,600
20240207,SH.510050,09:42:57.794,2.953,2000
20240207,SH.510050,09:43:07.288,2.956,800
20240207,SH.510050,09:43:09.475,2.956,1200
20240207,SH.510050,09:43:10.326,2.955,1000
20240207,SH.510050,09:43:13.068,2.955,3300
20240207,SH.510050,09:43:12.588,2.955,200
20240207,SH.510050,09:43:16.862,2.955,300
20240207,SH.510050,09:43:20.239,2.955,600
20240207,SH.510050,09:43:20.376,2.956,1500
20240207,SH.510050,09:43:22.776,2.955,200
20240207,SH.510050,09:43:22.856,2.955,500
20240207,SH.510050,09:43:21.957,2.955,400
20240207,SH.510050,09:43:23.073,2.954,200
20240207,SH.510050,09:43:25.892,2.955,300
20240207,SH.510050,09:43:26.621,2.955,3000
20240207,SH.510050,09:43:28.797,2.956,1200
20240207,SH.510050,09:43:28.118,2.956,600
20240207,SH.510050,09:43:28.487,2.957,1000
20240207,SH.510050,09:43:29.462,2.957,300
20240207,SH.510050,09:43:32.204,2.956,1000
20240207,SH.510050,09:43:31.806,2.955,200
20240207,SH.510050,09:43:30.398,2.955,1000
20240207,SH.510050,09:43:32.066,2.955,1500
20240207,SH.510050,09:43:35.532,2.956,200
20240207,SH.510050,09:43:34.859,2.956,100
20240207,SH.510050,09:43:38.009,2.956,300
20240207,SH.510050,09:43:38.449,2.957,600
20240207,SH.510050,09:43:41.763,2.956,700
20240207,SH.510050,09:43:41.804,2.956,2900
20240207,SH.510050,09:43:47.952,2.958,1000
20240207,SH.510050,09:43:53.186,2.96,400
20240207,SH.510050,09:43:56.786,2.959,1500
20240207,SH.510050,09:44:01.634,2.96,600
20240207,SH.510050,09:44:04.206,2.957,1900
20240207,SH.510050,09:44:03.108,2.958,100
20240207,SH.510050,09:44:04.936,2.958,200
20240207,SH.510050,09:44:06.690,2.957,200
20240207,SH.510050,09:44:08.533,2.956,100
20240207,SH.510050,09:44:09.519,2.956,400
20240207,SH.510050,09:44:09.012,2.955,1500
20240207,SH.510050,09:44:12.246,2.957,1500
20240207,SH.510050,09:44:13.986,2.958,500
20240207,SH.510050,09:44:15.163,2.957,300
20240207,SH.510050,09:44:17.359,2.958,1200
20240207,SH.510050,09:44:17.172,2.958,300
20240207,SH.510050,09:44:20.285,2.956,1400
20240207,SH.510050,09:44:23.939,2.957,1200
20240207,SH.510050,09:44:26.435,2.956,500
20240207,SH.510050,09:44:28.429,2.956,5000
20240207,SH.510050,09:44:27.403,2.956,1000
20240207,SH.510050,09:44:29.552,2.957,1500
20240207,SH.510050,09:44:30.885,2.955,100
20240207,SH.510050,09:44:31.325,2.955,100
20240207,SH.510050,09:44:30.957,2.955,500
20240207,SH.510050,09:44:36.113,2.956,200
20240207,SH.510050,09:44:36.237,2.955,1000
20240207,SH.510050,09:44:39.970,2.957,300
20240207,SH.510050,09:44:40.106,2.958,300
20240207,SH.510050,09:44:44.965,2.957,2000
20240207,SH.510050,09:44:45.626,2.959,3000
20240207,SH.510050,09:44:45.971,2.959,100
20240207,SH.510050,09:44:49.135,2.958,300
20240207,SH.510050,09:44:49.341,2.958,1000
20240207,SH.510050,09:44:56.238,2.959,1000
20240207,SH.510050,09:44:55.122,2.958,300
20240207,SH.510050,09:44:56.119,2.958,200
20240207,SH.510050,09:44:57.764,2.959,1800
20240207,SH.510050,09:45:02.016,2.957,400
20240207,SH.510050,09:45:00.632,2.958,200
20240207,SH.510050,09:45:05.099,2.956,100
20240207,SH.510050,09:45:03.382,2.957,600
20240207,SH.510050,09:45:03.289,2.956,200
20240207,SH.510050,09:45:07.098,2.956,5000
20240207,SH.510050,09:45:10.187,2.956,1500
20240207,SH.510050,09:45:09.002,2.957,1500
20240207,SH.510050,09:45:13.802,2.955,100
20240207,SH.510050,09:45:12.768,2.956,500
20240207,SH.510050,09:45:14.952,2.955,200
20240207,SH.510050,09:45:15.372,2.954,1000
20240207,SH.510050,09:45:18.888,2.956,1400
20240207,SH.510050,09:45:18.088,2.956,1200
20240207,SH.510050,09:45:21.074,2.954,300
20240207,SH.510050,09:45:21.996,2.954,1700
20240207,SH.510050,09:45:21.201,2.954,3000
20240207,SH.510050,09:45:26.699,2.956,300
20240207,SH.510050,09:45:26.133,2.956,1500
20240207,SH.510050,09:45:30.333,2.955,200
20240207,SH.510050,09:45:32.507,2.956,600
20240207,SH.510050,09:45:35.199,2.956,1000
20240207,SH.510050,09:45:37.632,2.956,400
20240207,SH.510050,09:45:45.170,2.952,2500
20240207,SH.510050,09:45:47.972,2.952,500
20240207,SH.510050,09:45:47.446,2.952,2000
20240207,SH.510050,09:45:51.763,2.951,5000
20240207,SH.510050,09:45:53.764,2.95,400
20240207,SH.510050,09:45:56.871,2.951,500
20240207,SH.510050,09:45:58.470,2.95,1000
20240207,SH.510050,09:45:58.039,2.949,200
20240207,SH.510050,09:46:01.143,2.95,1000
20240207,SH.510050,09:46:02.541,2.949,400
20240207,SH.510050,09:46:03.178,2.949,100
20240207,SH.510050,09:46:07.160,2.95,1000
20240207,SH.510050,09:46:09.344,2.951,1000
20240207,SH.510050,09:46:10.240,2.951,5000
20240207,SH.510050,09:46:14.426,2.951,400
20240207,SH.510050,09:46:13.687,2.951,2000
20240207,SH.510050,09:46:16.518,2.952,200
20240207,SH.510050,09:46:23.523,2.95,1000
20240207,SH.510050,09:46:31.477,2.949,2000
20240207,SH.510050,09:46:30.934,2.949,900
20240207,SH.510050,09:46:31.125,2.95,500
20240207,SH.510050,09:46:35.270,2.951,1400
20240207,SH.510050,09:46:35.458,2.95,100
20240207,SH.510050,09:46:38.789,2.95,600
20240207,SH.510050,09:46:38.138,2.95,900
20240207,SH.510050,09:46:41.065,2.95,200
20240207,SH.510050,09:46:43.622,2.949,400
20240207,SH.510050,09:46:42.423,2.95,5000
20240207,SH.510050,09:46:46.191,2.95,1000
20240207,SH.510050,09:46:49.072,2.952,600
20240207,SH.510050,09:46:49.883,2.951,1000
20240207,SH.510050,09:46:51.094,2.95,100
20240207,SH.510050,09:46:51.889,2.951,2000
20240207,SH.510050,09:46:52.717,2.951,4000
20240207,SH.510050,09:46:51.091,2.951,400
20240207,SH.510050,09:46:51.018,2.951,1200
20240207,SH.510050,09:46:59.873,2.951,1500
20240207,SH.510050,09:46:57.971,2.951,2000
20240207,SH.510050,09:47:01.142,2.951,3000
20240207,SH.510050,09:47:01.442,2.95,800
20240207,SH.510050,09:47:01.681,2.95,800
20240207,SH.510050,09:47:02.598,2.951,2000
20240207,SH.510050,09:47:05.780,2.95,100
20240207,SH.510050,09:47:04.259,2.95,400
20240207,SH.510050,09:47:08.022,2.949,1000
20240207,SH.510050,09:47:07.415,2.949,200
20240207,SH.510050,09:47:07.907,2.95,500
20240207,SH.510050,09:47:09.796,2.95,800
20240207,SH.510050,09:47:10.520,2.95,500
20240207,SH.510050,09:47:10.401,2.949,1100
20240207,SH.510050,09:47:09.642,2.949,200
20240207,SH.510050,09:47:09.686,2.95,600
20240207,SH.510050,09:47:14.025,2.95,2300
20240207,SH.510050,09:47:14.958,2.95,600
20240207,SH.510050,09:47:16.757,2.95,1500
20240207,SH.510050,09:47:16.734,2.95,2000
20240207,SH.510050,09:47:18.600,2.951,2000
20240207,SH.510050,09:47:20.539,2.95,400
20240207,SH.510050,09:47:19.950,2.95,1500
20240207,SH.510050,09:47:26.004,2.95,300
20240207,SH.510050,09:47:24.375,2.951,5000
20240207,SH.510050,09:47:24.856,2.95,400
20240207,SH.510050,09:47:28.582,2.95,4000
20240207,SH.510050,09:47:31.892,2.95,500
20240207,SH.510050,09:47:31.593,2.95,600
20240207,SH.510050,09:47:31.707,2.949,1900
20240207,SH.510050,09:47:33.954,2.949,1300
20240207,SH.510050,09:47:35.554,2.948,900
20240207,SH.510050,09:47:33.994,2.949,200
20240207,SH.510050,09:47:36.192,2.949,1500
20240207,SH.510050,09:47:40.942,2.948,100
20240207,SH.510050,09:47:39.178,2.949,900
20240207,SH.510050,09:47:44.130,2.949,300
20240207,SH.510050,09:47:42.369,2.949,1500
20240207,SH.510050,09:47:45.089,2.95,3000
20240207,SH.510050,09:47:49.841,2.95,1500
20240207,SH.510050,09:47:52.366,2.95,600
20240207,SH.510050,09:47:53.794,2.951,2000
20240207,SH.510050,09:47:53.130,2.95,600
20240207,SH.510050,09:47:54.225,2.95,400
20240207,SH.510050,09:47:58.967,2.952,200
20240207,SH.510050,09:47:57.090,2.951,300
20240207,SH.510050,09:48:00.395,2.952,1000
20240207,SH.510050,09:48:00.010,2.952,5000
20240207,SH.510050,09:48:01.021,2.952,500
20240207,SH.510050,09:48:03.224,2.952,600
20240207,SH.510050,09:48:06.746,2.952,300
20240207,SH.510050,09:48:11.294,2.953,600
20240207,SH.510050,09:48:16.898,2.953,400
20240207,SH.510050,09:48:15.307,2.953,4000
20240207,SH.510050,09:48:15.554,2.954,1000
20240207,SH.510050,09:48:19.235,2.954,100
20240207,SH.510050,09:48:19.181,2.953,3000
20240207,SH.510050,09:48:18.540,2.953,1000
20240207,SH.510050,09:48:22.677,2.955,1600
20240207,SH.510050,09:48:24.223,2.953,300
20240207,SH.510050,09:48:25.470,2.953,2000
20240207,SH.510050,09:48:26.130,2.953,200
20240207,SH.510050,09:48:25.106,2.953,500
20240207,SH.510050,09:48:27.499,2.955,1200
20240207,SH.510050,09:48:32.720,2.955,1500
20240207,SH.510050,09:48:30.950,2.955,500
20240207,SH.510050,09:48:31.591,2.956,600
20240207,SH.510050,09:48:30.267,2.956,400
20240207,SH.510050,09:48:34.454,2.956,2500
20240207,SH.510050,09:48:34.593,2.956,200
20240207,SH.510050,09:48:33.920,2.957,300
20240207,SH.510050,09:48:37.682,2.956,3300
20240207,SH.510050,09:48:36.279,2.956,300
20240207,SH.510050,09:48:37.332,2.956,2500
20240207,SH.510050,09:48:36.481,2.955,2200
20240207,SH.510050,09:48:40.390,2.957,700
20240207,SH.510050,09:48:39.715,2.956,200
20240207,SH.510050,09:48:44.377,2.956,300
20240207,SH.510050,09:48:46.707,2.955,100
20240207,SH.510050,09:48:46.019,2.956,1000
20240207,SH.510050,09:48:46.063,2.956,500
20240207,SH.510050,09:48:49.953,2.955,400
20240207,SH.510050,09:48:51.640,2.954,1000
20240207,SH.510050,09:48:51.898,2.954,4000
20240207,SH.510050,09:48:54.593,2.953,1000
20240207,SH.510050,09:48:56.953,2.953,200
20240207,SH.510050,09:48:59.639,2.952,800
20240207,SH.510050,09:49:01.183,2.954,1500
20240207,SH.510050,09:49:03.628,2.954,300
20240207,SH.510050,09:49:08.710,2.953,4000
20240207,SH.510050,09:49:07.625,2.952,200
20240207,SH.510050,09:49:09.485,2.953,300
20240207,SH.510050,09:49:09.032,2.953,200
20240207,SH.510050,09:49:11.031,2.953,2500
20240207,SH.510050,09:49:14.655,2.954,1000
20240207,SH.510050,09:49:15.419,2.954,100
20240207,SH.510050,09:49:16.804,2.955,300
20240207,SH.510050,09:49:17.125,2.954,800
20240207,SH.510050,09:49:20.623,2.955,800
20240207,SH.510050,09:49:20.170,2.955,1200
20240207,SH.510050,09:49:19.318,2.954,3500
20240207,SH.510050,09:49:23.612,2.953,3000
20240207,SH.510050,09:49:22.038,2.954,1000
20240207,SH.510050,09:49:27.815,2.955,5000
20240207,SH.510050,09:49:32.037,2.955,300
20240207,SH.510050,09:49:32.344,2.955,900
20240207,SH.510050,09:49:31.172,2.955,100
20240207,SH.510050,09:49:32.796,2.956,1000
20240207,SH.510050,09:49:33.235,2.955,3000
20240207,SH.510050,09:49:35.960,2.956,800
20240207,SH.510050,09:49:37.645,2.955,500
20240207,SH.510050,09:49:38.120,2.954,1000
20240207,SH.510050,09:49:40.087,2.955,400
20240207,SH.510050,09:49:44.269,2.955,400
20240207,SH.510050,09:49:44.714,2.955,100
20240207,SH.510050,09:49:48.801,2.955,100
20240207,SH.510050,09:49:52.652,2.956,1500
20240207,SH.510050,09:49:52.988,2.956,5000
20240207,SH.510050,09:49:52.448,2.955,300
20240207,SH.510050,09:49:55.266,2.957,3000
20240207,SH.510050,09:49:57.523,2.955,100
20240207,SH.510050,09:50:00.789,2.956,300
20240207,SH.510050,09:50:02.910,2.955,2500
20240207,SH.510050,09:50:04.414,2.955,100
20240207,SH.510050,09:50:07.818,2.955,300
20240207,SH.510050,09:50:10.784,2.955,4200
20240207,SH.510050,09:50:10.404,2.956,4000
20240207,SH.510050,09:50:13.760,2.955,600
20240207,SH.510050,09:50:12.147,2.955,500
20240207,SH.510050,09:50:12.641,2.955,5000
20240207,SH.510050,09:50:16.507,2.957,600
20240207,SH.510050,09:50:19.196,2.956,200
20240207,SH.510050,09:50:18.838,2.956,300
20240207,SH.510050,09:50:23.377,2.957,1000
20240207,SH.510050,09:50:23.322,2.958,800
20240207,SH.510050,09:50:24.814,2.957,2500
20240207,SH.510050,09:50:26.488,2.958,300
20240207,SH.510050,09:50:27.123,2.957,500
20240207,SH.510050,09:50:28.391,2.957,4000
20240207,SH.510050,09:50:29.285,2.957,5000
20240207,SH.510050,09:50:35.143,2.959,1500
20240207,SH.510050,09:50:34.509,2.958,1000
20240207,SH.510050,09:50:36.461,2.959,3900
20240207,SH.510050,09:50:41.386,2.96,400
20240207,SH.510050,09:50:44.092,2.96,4000
20240207,SH.510050,09:50:42.227,2.961,4000
20240207,SH.510050,09:50:46.274,2.961,1000
20240207,SH.510050,09:50:46.370,2.96,5000
20240207,SH.510050,09:50:49.376,2.959,900
20240207,SH.510050,09:50:48.897,2.959,1000
20240207,SH.510050,09:50:50.785,2.96,100
20240207,SH.510050,09:50:51.569,2.96,200
20240207,SH.510050,09:50:53.169,2.96,2000
20240207,SH.510050,09:50:55.121,2.959,600
20240207,SH.510050,09:50:58.262,2.958,300
20240207,SH.510050,09:51:01.052,2.959,100
20240207,SH.510050,09:51:02.611,2.96,2000
20240207,SH.510050,09:51:03.127,2.958,4000
20240207,SH.510050,09:51:06.813,2.958,300
20240207,SH.510050,09:51:10.024,2.958,1000
20240207,SH.510050,09:51:12.117,2.96,2000
20240207,SH.510050,09:51:17.510,2.958,2000
20240207,SH.510050,09:51:20.418,2.959,800
20240207,SH.510050,09:51:22.292,2.959,2500
20240207,SH.510050,09:51:24.387,2.96,400
20240207,SH.510050,09:51:28.967,2.961,1500
20240207,SH.510050,09:51:31.785,2.959,400
20240207,SH.510050,09:51:36.678,2.962,900
20240207,SH.510050,09:51:36.836,2.961,1800
20240207,SH.510050,09:51:38.980,2.962,4000
20240207,SH.510050,09:51:39.427,2.961,1500
20240207,SH.510050,09:51:43.169,2.961,2000
20240207,SH.510050,09:51:43.608,2.961,3000
20240207,SH.510050,09:51:44.952,2.962,2000
20240207,SH.510050,09:51:45.686,2.96,300
20240207,SH.510050,09:51:46.001,2.96,1500
20240207,SH.510050,09:51:50.453,2.96,400
20240207,SH.510050,09:51:55.916,2.959,5000
20240207,SH.510050,09:51:54.202,2.959,1100
20240207,SH.510050,09:51:57.047,2.96,1000
20240207,SH.510050,09:52:05.068,2.96,1200
20240207,SH.510050,09:52:04.866,2.96,200
20240207,SH.510050,09:52:07.591,2.961,100
20240207,SH.510050,09:52:08.603,2.96,600
20240207,SH.510050,09:52:06.228,2.96,200
20240207,SH.510050,09:52:11.479,2.961,4000
20240207,SH.510050,09:52:09.575,2.961,200
20240207,SH.510050,09:52:09.636,2.962,3000
20240207,SH.510050,09:52:10.231,2.961,800
20240207,SH.510050,09:52:13.227,2.961,100
20240207,SH.510050,09:52:12.920,2.961,500
20240207,SH.510050,09:52:12.450,2.961,1500
20240207,SH.510050,09:52:17.037,2.961,200
20240207,SH.510050,09:52:16.548,2.961,200
20240207,SH.510050,09:52:18.838,2.96,100
20240207,SH.510050,09:52:20.654,2.96,800
20240207,SH.510050,09:52:22.259,2.96,500
20240207,SH.510050,09:52:23.396,2.961,1500
20240207,SH.510050,09:52:27.374,2.962,1200
20240207,SH.510050,09:52:28.732,2.961,600
20240207,SH.510050,09:52:30.574,2.961,3000
20240207,SH.510050,09:52:32.999,2.96,5000
20240207,SH.510050,09:52:33.241,2.96,300
20240207,SH.510050,09:52:37.885,2.961,1000
20240207,SH.510050,09:52:40.852,2.961,400
20240207,SH.510050,09:52:41.698,2.96,1000
20240207,SH.510050,09:52:40.721,2.96,300
20240207,SH.510050,09:52:50.101,2.961,800
20240207,SH.510050,09:52:49.664,2.961,900
20240207,SH.510050,09:52:49.931,2.961,300
20240207,SH.510050,09:52:53.803,2.96,100
20240207,SH.510050,09:52:51.813,2.96,800
20240207,SH.510050,09:52:56.902,2.958,400
20240207,SH.510050,09:52:58.004,2.957,100
20240207,SH.510050,09:52:57.554,2.958,1000
20240207,SH.510050,09:53:02.482,2.958,2100
20240207,SH.510050,09:53:05.577,2.958,1000
20240207,SH.510050,09:53:05.180,2.958,1200
20240207,SH.510050,09:53:06.298,2.956,900
20240207,SH.510050,09:53:06.076,2.956,300
20240207,SH.510050,09:53:10.299,2.957,400
20240207,SH.510050,09:53:12.602,2.957,300
20240207,SH.510050,09:53:16.678,2.957,100
20240207,SH.510050,09:53:15.393,2.958,1000
20240207,SH.510050,09:53:16.562,2.957,4000
20240207,SH.510050,09:53:25.838,2.957,400
20240207,SH.510050,09:53:24.612,2.957,1000
20240207,SH.510050,09:53:28.877,2.957,800
20240207,SH.510050,09:53:30.269,2.956,500
20240207,SH.510050,09:53:31.808,2.957,500
20240207,SH.510050,09:53:31.109,2.957,200
20240207,SH.510050,09:53:33.263,2.957,900
20240207,SH.510050,09:53:37.718,2.959,200
20240207,SH.510050,09:53:37.812,2.96,1200
20240207,SH.510050,09:53:42.423,2.959,2000
20240207,SH.510050,09:53:44.610,2.959,1800
20240207,SH.510050,09:53:46.601,2.958,500
20240207,SH.510050,09:53:52.992,2.958,2000
20240207,SH.510050,09:53:55.416,2.959,700
20240207,SH.510050,09:53:59.071,2.96,100
20240207,SH.510050,09:53:59.771,2.959,200
20240207,SH.510050,09:53:59.811,2.959,200
20240207,SH.510050,09:54:01.338,2.959,300
20240207,SH.510050,09:54:00.749,2.959,2300
20240207,SH.510050,09:54:00.979,2.959,1000
20240207,SH.510050,09:54:00.131,2.96,1000
20240207,SH.510050,09:54:05.413,2.96,100
20240207,SH.510050,09:54:07.679,2.959,1200
20240207,SH.510050,09:54:09.641,2.959,600
20240207,SH.510050,09:54:10.610,2.958,1800
20240207,SH.510050,09:54:14.806,2.959,200
20240207,SH.510050,09:54:14.409,2.959,1500
20240207,SH.510050,09:54:16.315,2.96,200
20240207,SH.510050,09:54:18.334,2.961,600
20240207,SH.510050,09:54:21.327,2.96,300
20240207,SH.510050,09:54:23.373,2.959,2000
20240207,SH.510050,09:54:23.935,2.96,900
20240207,SH.510050,09:54:24.552,2.961,300
20240207,SH.510050,09:54:25.498,2.96,800
20240207,SH.510050,09:54:24.969,2.96,5000
20240207,SH.510050,09:54:26.659,2.96,3000
20240207,SH.510050,09:54:30.276,2.962,1000
20240207,SH.510050,09:54:34.382,2.962,1000
20240207,SH.510050,09:54:34.209,2.961,1000
20240207,SH.510050,09:54:35.099,2.962,800
20240207,SH.510050,09:54:37.287,2.96,400
20240207,SH.510050,09:54:37.210,2.961,600
20240207,SH.510050,09:54:40.959,2.96,5000
20240207,SH.510050,09:54:44.763,2.962,100
20240207,SH.510050,09:54:45.100,2.962,600
20240207,SH.510050,09:54:46.627,2.961,300
20240207,SH.510050,09:54:49.942,2.96,800
20240207,SH.510050,09:54:49.625,2.961,200
20240207,SH.510050,09:54:49.378,2.96,1500
20240207,SH.510050,09:54:50.693,2.961,1000
20240207,SH.510050,09:54:51.990,2.961,500
20240207,SH.510050,09:54:54.343,2.962,2500
20240207,SH.510050,09:54:58.540,2.962,200
20240207,SH.510050,09:54:58.715,2.961,1800
20240207,SH.510050,09:54:58.659,2.961,300
20240207,SH.510050,09:54:58.223,2.962,2000
20240207,SH.510050,09:54:58.679,2.961,1300
20240207,SH.510050,09:54:58.307,2.961,400
20240207,SH.510050,09:54:58.575,2.961,2500
20240207,SH.510050,09:55:01.579,2.962,1000
20240207,SH.510050,09:55:02.878,2.962,1500
20240207,SH.510050,09:55:04.383,2.962,200
20240207,SH.510050,09:55:04.144,2.962,400
20240207,SH.510050,09:55:06.764,2.96,1500
20240207,SH.510050,09:55:06.527,2.961,1000
20240207,SH.510050,09:55:14.968,2.961,200
20240207,SH.510050,09:55:13.251,2.961,1000
20240207,SH.510050,09:55:17.061,2.961,400
20240207,SH.510050,09:55:19.908,2.962,2500
20240207,SH.510050,09:55:18.542,2.961,1000
20240207,SH.510050,09:55:22.525,2.961,1500
20240207,SH.510050,09:55:21.795,2.961,3100
20240207,SH.510050,09:55:26.681,2.96,200
20240207,SH.510050,09:55:26.963,2.96,200
20240207,SH.510050,09:55:31.348,2.96,700
20240207,SH.510050,09:55:30.857,2.959,300
20240207,SH.510050,09:55:32.847,2.959,500
20240207,SH.510050,09:55:30.996,2.959,500
20240207,SH.510050,09:55:37.818,2.96,800
20240207,SH.510050,09:55:36.769,2.96,900
20240207,SH.510050,09:55:37.349,2.96,1000
20240207,SH.510050,09:55:37.888,2.959,5000
20240207,SH.510050,09:55:39.527,2.96,3000
20240207,SH.510050,09:55:41.649,2.959,800
20240207,SH.510050,09:55:41.708,2.959,300
20240207,SH.510050,09:55:42.127,2.96,200
20240207,SH.510050,09:55:44.366,2.959,800
20240207,SH.510050,09:55:42.725,2.96,900
20240207,SH.510050,09:55:47.868,2.961,5000
20240207,SH.510050,09:55:51.958,2.963,100
20240207,SH.510050,09:55:56.415,2.961,800
20240207,SH.510050,09:55:55.045,2.962,200
20240207,SH.510050,09:55:54.907,2.962,5000
20240207,SH.510050,09:56:01.022,2.961,1500
20240207,SH.510050,09:56:01.338,2.961,100
20240207,SH.510050,09:56:04.350,2.961,1500
20240207,SH.510050,09:56:05.059,2.96,800
20240207,SH.510050,09:56:05.859,2.961,2500
20240207,SH.510050,09:56:06.754,2.962,100
20240207,SH.510050,09:56:10.595,2.96,1000
20240207,SH.510050,09:56:13.669,2.959,1500
20240207,SH.510050,09:56:17.685,2.959,1200
20240207,SH.510050,09:56:19.036,2.958,1000
20240207,SH.510050,09:56:21.906,2.958,500
20240207,SH.510050,09:56:21.800,2.959,400
20240207,SH.510050,09:56:26.161,2.96,3000
20240207,SH.510050,09:56:25.710,2.96,300
20240207,SH.510050,09:56:28.364,2.958,500
20240207,SH.510050,09:56:30.093,2.959,2000
20240207,SH.510050,09:56:36.564,2.962,1800
20240207,SH.510050,09:56:39.900,2.961,3000
20240207,SH.510050,09:56:44.750,2.963,1000
20240207,SH.510050,09:56:42.463,2.963,600
20240207,SH.510050,09:56:44.620,2.963,100
20240207,SH.510050,09:56:45.696,2.964,300
20240207,SH.510050,09:56:49.901,2.963,2500
20240207,SH.510050,09:56:50.158,2.963,1000
20240207,SH.510050,09:56:51.309,2.966,500
20240207,SH.510050,09:56:51.864,2.965,1100
20240207,SH.510050,09:56:53.501,2.966,600
20240207,SH.510050,09:56:54.041,2.963,400
20240207,SH.510050,09:56:54.815,2.964,400
20240207,SH.510050,09:56:56.819,2.963,600
20240207,SH.510050,09:56:55.588,2.963,600
20240207,SH.510050,09:56:59.670,2.963,600
20240207,SH.510050,09:57:00.626,2.963,1500
20240207,SH.510050,09:57:07.487,2.964,100
20240207,SH.510050,09:57:07.904,2.963,5000
20240207,SH.510050,09:57:10.184,2.961,200
20240207,SH.510050,09:57:10.486,2.96,400
20240207,SH.510050,09:57:10.814,2.96,1700
20240207,SH.510050,09:57:11.157,2.961,1700
20240207,SH.510050,09:57:14.357,2.96,1000
20240207,SH.510050,09:57:17.885,2.961,300
20240207,SH.510050,09:57:18.120,2.96,2600
20240207,SH.510050,09:57:19.858,2.96,4000
20240207,SH.510050,09:57:20.126,2.96,400
20240207,SH.510050,09:57:23.992,2.96,1500
20240207,SH.510050,09:57:24.492,2.96,2500
20240207,SH.510050,09:57:26.425,2.961,900
20240207,SH.510050,09:57:30.282,2.962,1700
20240207,SH.510050,09:57:37.183,2.961,1200
20240207,SH.510050,09:57:39.454,2.962,400
20240207,SH.510050,09:57:40.411,2.962,100
20240207,SH.510050,09:57:45.713,2.962,2500
20240207,SH.510050,09:57:45.856,2.962,1000
20240207,SH.510050,09:57:48.123,2.962,400
20240207,SH.510050,09:57:48.171,2.963,100
20240207,SH.510050,09:57:51.536,2.962,1000
20240207,SH.510050,09:57:53.067,2.962,500
20240207,SH.510050,09:57:54.941,2.961,1000
20240207,SH.510050,09:57:56.503,2.96,5000
20240207,SH.510050,09:57:54.150,2.96,1000
20240207,SH.510050,09:58:00.790,2.961,4000
20240207,SH.510050,09:58:14.978,2.958,200
20240207,SH.510050,09:58:18.159,2.958,300
20240207,SH.510050,09:58:18.874,2.957,3000
20240207,SH.510050,09:58:23.896,2.959,600
20240207,SH.510050,09:58:26.120,2.958,100
20240207,SH.510050,09:58:25.026,2.958,600
20240207,SH.510050,09:58:24.714,2.958,1500
20240207,SH.510050,09:58:27.793,2.959,1500
20240207,SH.510050,09:58:28.519,2.959,800
20240207,SH.510050,09:58:31.532,2.959,200
20240207,SH.510050,09:58:30.781,2.96,1500
20240207,SH.510050,09:58:30.413,2.959,2000
20240207,SH.510050,09:58:31.369,2.96,1000
20240207,SH.510050,09:58:31.965,2.96,600
20240207,SH.510050,09:58:34.161,2.959,2500
20240207,SH.510050,09:58:34.582,2.96,1000
20240207,SH.510050,09:58:36.681,2.96,1200
20240207,SH.510050,09:58:36.529,2.96,2800
20240207,SH.510050,09:58:43.005,2.961,400
20240207,SH.510050,09:58:49.549,2.959,600
20240207,SH.510050,09:58:50.864,2.959,200
20240207,SH.510050,09:58:50.355,2.96,800
20240207,SH.510050,09:58:55.097,2.963,700
20240207,SH.510050,09:58:55.115,2.963,900
20240207,SH.510050,09:58:58.542,2.964,200
20240207,SH.510050,09:58:59.117,2.963,500
20240207,SH.510050,09:58:57.771,2.963,1000
20240207,SH.510050,09:59:01.904,2.965,2000
20240207,SH.510050,09:59:00.457,2.965,500
20240207,SH.510050,09:59:00.821,2.966,1700
20240207,SH.510050,09:59:03.868,2.965,700
20240207,SH.510050,09:59:06.407,2.966,300
20240207,SH.510050,09:59:07.289,2.967,600
20240207,SH.510050,09:59:07.368,2.967,500
20240207,SH.510050,09:59:11.388,2.965,900
20240207,SH.510050,09:59:11.792,2.965,2000
20240207,SH.510050,09:59:13.563,2.969,3000
20240207,SH.510050,09:59:13.484,2.968,2000
20240207,SH.510050,09:59:15.618,2.969,2000
20240207,SH.510050,09:59:19.335,2.967,200
20240207,SH.510050,09:59:19.433,2.967,500
20240207,SH.510050,09:59:19.495,2.966,3000
20240207,SH.510050,09:59:25.798,2.967,400
20240207,SH.510050,09:59:27.622,2.965,1500
20240207,SH.510050,09:59:30.497,2.967,4000
20240207,SH.510050,09:59:32.737,2.967,4000
20240207,SH.510050,09:59:31.981,2.967,400
20240207,SH.510050,09:59:34.239,2.966,200
20240207,SH.510050,09:59:35.225,2.967,400
20240207,SH.510050,09:59:34.158,2.967,1500
20240207,SH.510050,09:59:35.192,2.966,1500
20240207,SH.510050,09:59:36.922,2.966,500
20240207,SH.510050,09:59:40.831,2.965,1000
20240207,SH.510050,09:59:39.590,2.964,2000
20240207,SH.510050,09:59:39.649,2.964,100
20240207,SH.510050,09:59:42.260,2.964,800
20240207,SH.510050,09:59:43.633,2.964,4000
20240207,SH.510050,09:59:50.572,2.964,1500
20240207,SH.510050,09:59:50.451,2.964,1500
20240207,SH.510050,09:59:53.051,2.964,700
20240207,SH.510050,09:59:56.529,2.964,2500
20240207,SH.510050,09:59:54.440,2.965,100
20240207,SH.510050,09:59:56.335,2.965,2600
20240207,SH.510050,09:59:58.112,2.966,5000
20240207,SH.510050,09:59:59.908,2.965,300
20240207,SH.510050,10:00:00.649,2.968,4000
20240207,SH.510050,10:00:00.786,2.967,1700
20240207,SH.510050,10:00:02.270,2.967,400
20240207,SH.510050,10:00:01.606,2.967,100
20240207,SH.510050,10:00:04.372,2.967,100
20240207,SH.510050,10:00:05.163,2.967,800
20240207,SH.510050,10:00:03.485,2.968,3800
20240207,SH.510050,10:00:06.324,2.967,900
20240207,SH.510050,10:00:08.786,2.967,1500
20240207,SH.510050,10:00:08.089,2.967,900
20240207,SH.510050,10:00:09.292,2.968,600
20240207,SH.510050,10:00:11.727,2.968,300
20240207,SH.510050,10:00:10.899,2.968,100
20240207,SH.510050,10:00:13.005,2.966,1200
20240207,SH.510050,10:00:14.037,2.966,300
20240207,SH.510050,10:00:14.362,2.967,1000
20240207,SH.510050,10:00:17.151,2.965,300
20240207,SH.510050,10:00:16.926,2.966,700
20240207,SH.510050,10:00:19.497,2.965,1100
20240207,SH.510050,10:00:20.459,2.965,1700
20240207,SH.510050,10:00:19.100,2.966,400
20240207,SH.510050,10:00:22.555,2.964,500
20240207,SH.510050,10:00:21.546,2.965,2000
20240207,SH.510050,10:00:22.438,2.964,200
20240207,SH.510050,10:00:22.550,2.965,400
20240207,SH.510050,10:00:23.954,2.965,600
20240207,SH.510050,10:00:24.982,2.964,1000
20240207,SH.510050,10:00:28.938,2.964,2500
20240207,SH.510050,10:00:29.887,2.964,600
20240207,SH.510050,10:00:29.604,2.963,2000
20240207,SH.510050,10:00:29.860,2.963,900
20240207,SH.510050,10:00:32.832,2.964,100
20240207,SH.510050,10:00:32.292,2.964,2300
20240207,SH.510050,10:00:36.424,2.967,200
20240207,SH.510050,10:00:37.722,2.967,1500
20240207,SH.510050,10:00:37.375,2.968,400
20240207,SH.510050,10:00:36.078,2.968,1400
20240207,SH.510050,10:00:44.708,2.965,100
20240207,SH.510050,10:00:43.768,2.965,4000
20240207,SH.510050,10:00:43.000,2.965,600
20240207,SH.510050,10:00:42.288,2.966,1000
20240207,SH.510050,10:00:45.443,2.966,600
20240207,SH.510050,10:00:47.999,2.966,200
20240207,SH.510050,10:00:46.623,2.967,300
20240207,SH.510050,10:00:50.070,2.967,900
20240207,SH.510050,10:00:53.000,2.966,4000
20240207,SH.510050,10:01:02.089,2.965,600
20240207,SH.510050,10:01:00.321,2.966,800
20240207,SH.510050,10:01:05.092,2.966,500
20240207,SH.510050,10:01:09.088,2.966,100
20240207,SH.510050,10:01:13.674,2.966,200
20240207,SH.510050,10:01:12.645,2.965,3000
20240207,SH.510050,10:01:13.948,2.966,3000
20240207,SH.510050,10:01:14.649,2.965,500
20240207,SH.510050,10:01:16.372,2.966,400
20240207,SH.510050,10:01:16.237,2.967,1000
20240207,SH.510050,10:01:17.236,2.966,200
20240207,SH.510050,10:01:19.014,2.966,600
20240207,SH.510050,10:01:20.469,2.967,1200
20240207,SH.510050,10:01:22.203,2.966,1500
20240207,SH.510050,10:01:24.141,2.963,100
20240207,SH.510050,10:01:26.374,2.964,400
20240207,SH.510050,10:01:27.851,2.965,500
20240207,SH.510050,10:01:27.913,2.965,200
20240207,SH.510050,10:01:31.640,2.963,200
20240207,SH.510050,10:01:31.469,2.964,300
20240207,SH.510050,10:01:33.482,2.964,1000
20240207,SH.510050,10:01:38.865,2.963,400
20240207,SH.510050,10:01:41.703,2.965,200
20240207,SH.510050,10:01:43.961,2.967,400
20240207,SH.510050,10:01:45.012,2.966,1200
20240207,SH.510050,10:01:46.674,2.965,3000
20240207,SH.510050,10:01:47.763,2.966,200
20240207,SH.510050,10:01:51.573,2.967,1000
20240207,SH.510050,10:01:51.425,2.967,1000
20240207,SH.510050,10:01:54.753,2.969,300
20240207,SH.510050,10:01:56.230,2.969,1000
20240207,SH.510050,10:01:57.873,2.967,2000
20240207,SH.510050,10:01:59.880,2.967,900
20240207,SH.510050,10:02:00.336,2.967,100
20240207,SH.510050,10:02:05.276,2.97,1200
20240207,SH.510050,10:02:04.097,2.97,5000
20240207,SH.510050,10:02:05.297,2.969,700
20240207,SH.510050,10:02:03.252,2.969,600
20240207,SH.510050,10:02:04.541,2.969,2000
20240207,SH.510050,10:02:08.116,2.97,800
20240207,SH.510050,10:02:06.631,2.969,500
20240207,SH.510050,10:02:10.279,2.968,4000
20240207,SH.510050,10:02:12.116,2.969,400
20240207,SH.510050,10:02:12.648,2.969,1000
20240207,SH.510050,10:02:17.967,2.969,500
20240207,SH.510050,10:02:16.123,2.969,200
20240207,SH.510050,10:02:17.948,2.97,2000
20240207,SH.510050,10:02:19.632,2.968,1000
20240207,SH.510050,10:02:18.194,2.969,1500
20240207,SH.510050,10:02:19.609,2.968,100
20240207,SH.510050,10:02:24.815,2.969,1200
20240207,SH.510050,10:02:29.541,2.97,900
20240207,SH.510050,10:02:28.700,2.969,800
20240207,SH.510050,10:02:29.008,2.969,2000
20240207,SH.510050,10:02:28.219,2.969,100
20240207,SH.510050,10:02:31.803,2.968,600
20240207,SH.510050,10:02:35.091,2.968,1000
20240207,SH.510050,10:02:36.709,2.967,300
20240207,SH.510050,10:02:41.260,2.967,2500
20240207,SH.510050,10:02:45.634,2.967,2000
20240207,SH.510050,10:02:47.421,2.966,200
20240207,SH.510050,10:02:45.092,2.967,300
20240207,SH.510050,10:02:50.213,2.966,300
20240207,SH.510050,10:02:48.482,2.966,700
20240207,SH.510050,10:02:51.003,2.967,800
20240207,SH.510050,10:02:58.222,2.969,2300
20240207,SH.510050,10:03:04.910,2.968,500
20240207,SH.510050,10:03:11.624,2.967,900
20240207,SH.510050,10:03:11.845,2.967,500
20240207,SH.510050,10:03:13.225,2.967,600
20240207,SH.510050,10:03:12.588,2.967,800
20240207,SH.510050,10:03:12.411,2.967,600
20240207,SH.510050,10:03:15.619,2.966,2300
20240207,SH.510050,10:03:15.415,2.967,5000
20240207,SH.510050,10:03:20.651,2.967,200
20240207,SH.510050,10:03:22.512,2.968,900
20240207,SH.510050,10:03:22.588,2.967,1000
20240207,SH.510050,10:03:23.985,2.967,300
20240207,SH.510050,10:03:25.057,2.966,600
20240207,SH.510050,10:03:29.569,2.967,1000
20240207,SH.510050,10:03:27.718,2.966,200
20240207,SH.510050,10:03:27.112,2.966,2100
20240207,SH.510050,10:03:28.788,2.967,300
20240207,SH.510050,10:03:31.892,2.968,500
20240207,SH.510050,10:03:30.033,2.967,1900
20240207,SH.510050,10:03:38.863,2.967,200
20240207,SH.510050,10:03:37.420,2.966,2000
20240207,SH.510050,10:03:41.040,2.966,1000
20240207,SH.510050,10:03:41.763,2.966,1500
20240207,SH.510050,10:03:39.839,2.966,400
20240207,SH.510050,10:03:43.639,2.967,600
20240207,SH.510050,10:03:42.046,2.966,4000
20240207,SH.510050,10:03:47.855,2.966,600
20240207,SH.510050,10:03:51.922,2.966,2500
20240207,SH.510050,10:03:55.002,2.965,1100
20240207,SH.510050,10:03:56.375,2.966,1200
20240207,SH.510050,10:03:54.118,2.966,600
20240207,SH.510050,10:03:54.870,2.966,200
20240207,SH.510050,10:03:57.705,2.964,1000
20240207,SH.510050,10:04:01.314,2.963,500
20240207,SH.510050,10:04:00.301,2.962,600
20240207,SH.510050,10:04:02.167,2.963,200
20240207,SH.510050,10:04:00.767,2.962,1400
20240207,SH.510050,10:04:05.022,2.961,800
20240207,SH.510050,10:04:03.054,2.962,1100
20240207,SH.510050,10:04:04.494,2.961,500
20240207,SH.510050,10:04:06.637,2.96,1500
20240207,SH.510050,10:04:13.948,2.963,1000
20240207,SH.510050,10:04:12.324,2.964,1600
20240207,SH.510050,10:04:14.154,2.963,300
20240207,SH.510050,10:04:17.680,2.962,800
20240207,SH.510050,10:04:17.893,2.962,400
20240207,SH.510050,10:04:21.197,2.964,300
20240207,SH.510050,10:04:24.683,2.963,200
20240207,SH.510050,10:04:26.388,2.963,300
20240207,SH.510050,10:04:28.064,2.962,800
20240207,SH.510050,10:04:27.613,2.963,500
20240207,SH.510050,10:04:29.748,2.962,500
20240207,SH.510050,10:04:31.400,2.962,200
20240207,SH.510050,10:04:30.953,2.962,5000
20240207,SH.510050,10:04:33.944,2.961,5000
20240207,SH.510050,10:04:35.328,2.961,600
20240207,SH.510050,10:04:34.137,2.962,600
20240207,SH.510050,10:04:34.367,2.962,4000
20240207,SH.510050,10:04:33.561,2.962,2500
20240207,SH.510050,10:04:41.040,2.961,500
20240207,SH.510050,10:04:40.997,2.96,5000
20240207,SH.510050,10:04:40.718,2.961,400
20240207,SH.510050,10:04:39.810,2.961,900
20240207,SH.510050,10:04:47.583,2.959,300
20240207,SH.510050,10:04:49.446,2.961,500
20240207,SH.510050,10:04:49.944,2.961,1000
20240207,SH.510050,10:04:53.634,2.96,200
20240207,SH.510050,10:04:53.641,2.961,500
20240207,SH.510050,10:04:51.296,2.961,1000
20240207,SH.510050,10:04:54.489,2.961,100
20240207,SH.510050,10:04:55.498,2.961,100
20240207,SH.510050,10:04:57.868,2.96,100
20240207,SH.510050,10:04:57.026,2.961,1300
20240207,SH.510050,10:05:04.767,2.96,500
20240207,SH.510050,10:05:05.740,2.959,2000
20240207,SH.510050,10:05:03.446,2.959,800
20240207,SH.510050,10:05:07.263,2.96,100
20240207,SH.510050,10:05:07.732,2.96,200
20240207,SH.510050,10:05:06.789,2.96,1000
20240207,SH.510050,10:05:09.014,2.959,1500
20240207,SH.510050,10:05:11.306,2.959,1500
20240207,SH.510050,10:05:14.316,2.959,200
20240207,SH.510050,10:05:18.323,2.958,400
20240207,SH.510050,10:05:20.070,2.957,4000
20240207,SH.510050,10:05:20.608,2.957,2000
20240207,SH.510050,10:05:22.585,2.957,100
20240207,SH.510050,10:05:22.990,2.957,300
20240207,SH.510050,10:05:23.300,2.957,300
20240207,SH.510050,10:05:22.521,2.958,1000
20240207,SH.510050,10:05:26.958,2.959,300
20240207,SH.510050,10:05:24.363,2.958,300
20240207,SH.510050,10:05:28.883,2.957,2400
20240207,SH.510050,10:05:27.007,2.958,600
20240207,SH.510050,10:05:35.050,2.958,600
20240207,SH.510050,10:05:33.664,2.957,800
20240207,SH.510050,10:05:33.539,2.957,100
20240207,SH.510050,10:05:37.913,2.959,2000
20240207,SH.510050,10:05:37.619,2.959,300
20240207,SH.510050,10:05:38.376,2.959,1000
20240207,SH.510050,10:05:38.164,2.96,600
20240207,SH.510050,10:05:39.487,2.961,100
20240207,SH.510050,10:05:40.611,2.96,2000
20240207,SH.510050,10:05:43.013,2.96,500
20240207,SH.510050,10:05:42.771,2.961,400
20240207,SH.510050,10:05:42.018,2.96,100
20240207,SH.510050,10:05:47.391,2.96,200
20240207,SH.510050,10:05:48.267,2.961,1500
20240207,SH.510050,10:05:50.635,2.961,200
20240207,SH.510050,10:05:52.661,2.959,2000
20240207,SH.510050,10:05:55.350,2.96,400
20240207,SH.510050,10:05:54.759,2.961,500
20240207,SH.510050,10:05:59.648,2.959,400
20240207,SH.510050,10:06:02.293,2.96,800
20240207,SH.510050,10:06:09.995,2.961,1000
20240207,SH.510050,10:06:15.519,2.962,300
20240207,SH.510050,10:06:16.262,2.963,600
20240207,SH.510050,10:06:15.983,2.963,1000
20240207,SH.510050,10:06:20.973,2.961,800
20240207,SH.510050,10:06:23.446,2.96,400
20240207,SH.510050,10:06:22.567,2.961,1000
20240207,SH.510050,10:06:21.316,2.96,800
20240207,SH.510050,10:06:29.793,2.962,100
20240207,SH.510050,10:06:27.342,2.961,200
20240207,SH.510050,10:06:28.160,2.961,300
20240207,SH.510050,10:06:31.142,2.961,100
20240207,SH.510050,10:06:32.523,2.961,5000
20240207,SH.510050,10:06:33.052,2.961,100
20240207,SH.510050,10:06:36.629,2.962,5000
20240207,SH.510050,10:06:40.664,2.963,600
20240207,SH.510050,10:06:41.631,2.962,5000
20240207,SH.510050,10:06:42.880,2.963,3200
20240207,SH.510050,10:06:51.431,2.963,200
20240207,SH.510050,10:06:56.929,2.964,400
20240207,SH.510050,10:06:56.995,2.963,500
20240207,SH.510050,10:06:55.576,2.963,500
20240207,SH.510050,10:07:01.008,2.963,100
20240207,SH.510050,10:07:03.504,2.963,500
20240207,SH.510050,10:07:03.279,2.963,800
20240207,SH.510050,10:07:07.062,2.963,200
20240207,SH.510050,10:07:06.357,2.962,1500
20240207,SH.510050,10:07:09.684,2.962,800
20240207,SH.510050,10:07:11.423,2.962,2000
20240207,SH.510050,10:07:09.103,2.963,900
20240207,SH.510050,10:07:12.187,2.963,1200
20240207,SH.510050,10:07:15.888,2.963,800
20240207,SH.510050,10:07:19.331,2.964,100
20240207,SH.510050,10:07:19.811,2.963,500
20240207,SH.510050,10:07:21.681,2.962,200
20240207,SH.510050,10:07:22.701,2.962,2600
20240207,SH.510050,10:07:24.382,2.961,1000
20240207,SH.510050,10:07:24.060,2.962,300
20240207,SH.510050,10:07:25.454,2.961,100
20240207,SH.510050,10:07:29.098,2.961,1200
20240207,SH.510050,10:07:28.145,2.962,900
20240207,SH.510050,10:07:29.553,2.962,300
20240207,SH.510050,10:07:32.069,2.963,1500
20240207,SH.510050,10:07:37.215,2.964,1000
20240207,SH.510050,10:07:38.216,2.963,1500
20240207,SH.510050,10:07:40.876,2.965,900
20240207,SH.510050,10:07:41.148,2.965,200
20240207,SH.510050,10:07:43.079,2.965,600
20240207,SH.510050,10:07:43.492,2.965,800
20240207,SH.510050,10:07:46.104,2.964,400
20240207,SH.510050,10:07:48.206,2.966,100
20240207,SH.510050,10:07:53.126,2.966,500
20240207,SH.510050,10:07:52.594,2.965,1500
20240207,SH.510050,10:07:51.217,2.966,800
20240207,SH.510050,10:08:00.452,2.966,1000
20240207,SH.510050,10:08:01.991,2.967,400
20240207,SH.510050,10:08:04.611,2.965,400
20240207,SH.510050,10:08:03.141,2.965,900
20240207,SH.510050,10:08:05.120,2.966,200
20240207,SH.510050,10:08:04.711,2.966,800
20240207,SH.510050,10:08:07.668,2.965,800
20240207,SH.510050,10:08:08.524,2.964,400
20240207,SH.510050,10:08:10.861,2.966,2500
20240207,SH.510050,10:08:13.858,2.966,600
20240207,SH.510050,10:08:12.737,2.966,2000
20240207,SH.510050,10:08:13.552,2.965,100
20240207,SH.510050,10:08:20.436,2.966,100
20240207,SH.510050,10:08:21.268,2.964,100
20240207,SH.510050,10:08:25.432,2.963,500
20240207,SH.510050,10:08:26.470,2.964,900
20240207,SH.510050,10:08:26.580,2.964,200
20240207,SH.510050,10:08:24.301,2.963,400
20240207,SH.510050,10:08:29.218,2.963,100
20240207,SH.510050,10:08:29.601,2.963,300
20240207,SH.510050,10:08:30.864,2.961,400
20240207,SH.510050,10:08:31.749,2.962,800
20240207,SH.510050,10:08:30.166,2.961,1500
20240207,SH.510050,10:08:32.296,2.962,500
20240207,SH.510050,10:08:34.002,2.961,3000
20240207,SH.510050,10:08:33.077,2.962,600
20240207,SH.510050,10:08:37.474,2.964,800
20240207,SH.510050,10:08:37.146,2.963,500
20240207,SH.510050,10:08:37.477,2.964,2500
20240207,SH.510050,10:08:41.391,2.961,500
20240207,SH.510050,10:08:39.606,2.961,5000
20240207,SH.510050,10:08:40.248,2.96,2500
20240207,SH.510050,10:08:42.924,2.961,2000
20240207,SH.510050,10:08:46.341,2.959,800
20240207,SH.510050,10:08:46.731,2.96,1000
20240207,SH.510050,10:08:46.179,2.959,200
20240207,SH.510050,10:08:49.281,2.96,800
20240207,SH.510050,10:08:49.945,2.959,1000
20240207,SH.510050,10:08:50.693,2.96,3200
20240207,SH.510050,10:08:49.489,2.959,100
20240207,SH.510050,10:08:52.098,2.959,800
20240207,SH.510050,10:09:05.382,2.959,400
20240207,SH.510050,10:09:08.820,2.959,300
20240207,SH.510050,10:09:06.872,2.959,3000
20240207,SH.510050,10:09:07.239,2.959,900
20240207,SH.510050,10:09:13.629,2.96,600
20240207,SH.510050,10:09:13.590,2.961,3000
20240207,SH.510050,10:09:16.875,2.96,500
20240207,SH.510050,10:09:17.090,2.961,400
20240207,SH.510050,10:09:17.743,2.96,1500
20240207,SH.510050,10:09:18.880,2.958,200
20240207,SH.510050,10:09:18.429,2.959,800
20240207,SH.510050,10:09:20.603,2.958,4000
20240207,SH.510050,10:09:19.097,2.959,1000
20240207,SH.510050,10:09:21.184,2.958,1500
20240207,SH.510050,10:09:22.478,2.958,3000
20240207,SH.510050,10:09:23.133,2.957,400
20240207,SH.510050,10:09:26.610,2.958,2000
20240207,SH.510050,10:09:32.650,2.958,2000
20240207,SH.510050,10:09:32.383,2.959,900
20240207,SH.510050,10:09:33.126,2.956,1500
20240207,SH.510050,10:09:34.419,2.956,3000
20240207,SH.510050,10:09:33.616,2.956,1000
20240207,SH.510050,10:09:35.281,2.957,600
20240207,SH.510050,10:09:38.113,2.955,5000
20240207,SH.510050,10:09:36.001,2.956,1200
20240207,SH.510050,10:09:41.571,2.956,800
20240207,SH.510050,10:09:46.946,2.954,4000
20240207,SH.510050,10:09:46.195,2.955,300
20240207,SH.510050,10:09:47.277,2.955,1500
20240207,SH.510050,10:09:50.930,2.954,1500
20240207,SH.510050,10:09:49.226,2.953,100
20240207,SH.510050,10:09:53.907,2.954,1500
20240207,SH.510050,10:09:52.957,2.953,100
20240207,SH.510050,10:09:55.487,2.955,2400
20240207,SH.510050,10:09:57.615,2.956,700
20240207,SH.510050,10:09:57.030,2.956,3000
20240207,SH.510050,10:09:59.599,2.956,300
20240207,SH.510050,10:10:02.245,2.956,1500
20240207,SH.510050,10:10:05.690,2.956,100
20240207,SH.510050,10:10:03.024,2.955,5000
20240207,SH.510050,10:10:05.576,2.955,300
20240207,SH.510050,10:10:05.988,2.955,2500
20240207,SH.510050,10:10:06.834,2.955,100
20240207,SH.510050,10:10:06.126,2.956,2500
20240207,SH.510050,10:10:20.321,2.957,1000
20240207,SH.510050,10:10:20.027,2.957,300
20240207,SH.510050,10:10:25.284,2.957,300
20240207,SH.510050,10:10:24.973,2.957,900
20240207,SH.510050,10:10:27.231,2.958,1200
20240207,SH.510050,10:10:29.644,2.958,3000
20240207,SH.510050,10:10:28.960,2.958,2500
20240207,SH.510050,10:10:29.256,2.957,600
20240207,SH.510050,10:10:27.617,2.958,1500
20240207,SH.510050,10:10:30.188,2.958,2000
20240207,SH.510050,10:10:31.430,2.958,1000
20240207,SH.510050,10:10:33.750,2.956,1000
20240207,SH.510050,10:10:37.550,2.958,2500
20240207,SH.510050,10:10:37.124,2.958,1600
20240207,SH.510050,10:10:38.528,2.958,1600
20240207,SH.510050,10:10:41.395,2.957,1700
20240207,SH.510050,10:10:41.893,2.958,2000
20240207,SH.510050,10:10:43.094,2.957,100
20240207,SH.510050,10:10:46.534,2.957,100
20240207,SH.510050,10:10:45.852,2.958,2000
20240207,SH.510050,10:10:45.397,2.957,200
20240207,SH.510050,10:10:46.306,2.957,400
20240207,SH.510050,10:10:49.606,2.957,400
20240207,SH.510050,10:10:50.262,2.958,300
20240207,SH.510050,10:10:49.361,2.957,600
20240207,SH.510050,10:10:48.135,2.957,100
20240207,SH.510050,10:10:51.627,2.958,200
20240207,SH.510050,10:10:53.412,2.958,4000
20240207,SH.510050,10:10:51.448,2.958,500
20240207,SH.510050,10:10:54.138,2.956,1200
20240207,SH.510050,10:10:54.991,2.957,100
20240207,SH.510050,10:11:05.481,2.955,600
20240207,SH.510050,10:11:04.538,2.955,100
20240207,SH.510050,10:11:05.711,2.955,1000
20240207,SH.510050,10:11:08.490,2.954,2400
20240207,SH.510050,10:11:08.369,2.955,800
20240207,SH.510050,10:11:07.066,2.954,700
20240207,SH.510050,10:11:11.499,2.954,100
20240207,SH.510050,10:11:12.037,2.953,200
20240207,SH.510050,10:11:13.448,2.954,100
20240207,SH.510050,10:11:18.873,2.952,1200
20240207,SH.510050,10:11:19.472,2.951,800
20240207,SH.510050,10:11:23.359,2.951,100
20240207,SH.510050,10:11:23.357,2.951,200
20240207,SH.510050,10:11:25.267,2.951,1000
20240207,SH.510050,10:11:30.570,2.95,700
20240207,SH.510050,10:11:34.623,2.951,600
20240207,SH.510050,10:11:37.211,2.95,400
20240207,SH.510050,10:11:36.102,2.951,500
20240207,SH.510050,10:11:39.394,2.951,1200
20240207,SH.510050,10:11:42.517,2.951,300
20240207,SH.510050,10:11:45.179,2.951,1200
20240207,SH.510050,10:11:45.380,2.95,600
20240207,SH.510050,10:11:45.113,2.95,900
20240207,SH.510050,10:11:48.001,2.95,400
20240207,SH.510050,10:11:48.935,2.951,5000
20240207,SH.510050,10:11:50.816,2.95,800
20240207,SH.510050,10:11:48.074,2.95,900
20240207,SH.510050,10:11:52.417,2.949,400
20240207,SH.510050,10:11:52.875,2.949,300
20240207,SH.510050,10:11:51.726,2.949,1000
20240207,SH.510050,10:11:55.395,2.95,600
20240207,SH.510050,10:12:02.250,2.951,100
20240207,SH.510050,10:12:00.696,2.952,100
20240207,SH.510050,10:12:03.509,2.952,5000
20240207,SH.510050,10:12:05.481,2.951,4000
20240207,SH.510050,10:12:04.082,2.951,1000
20240207,SH.510050,10:12:07.406,2.952,200
20240207,SH.510050,10:12:11.224,2.951,100
20240207,SH.510050,10:12:13.401,2.949,400
20240207,SH.510050,10:12:12.419,2.949,500
20240207,SH.510050,10:12:17.515,2.949,800
20240207,SH.510050,10:12:17.699,2.949,1000
20240207,SH.510050,10:12:18.582,2.95,3000
20240207,SH.510050,10:12:18.404,2.95,300
20240207,SH.510050,10:12:24.920,2.95,600
20240207,SH.510050,10:12:28.555,2.95,1000
20240207,SH.510050,10:12:29.567,2.95,300
20240207,SH.510050,10:12:32.655,2.95,300
20240207,SH.510050,10:12:31.117,2.951,1500
20240207,SH.510050,10:12:38.329,2.95,1200
20240207,SH.510050,10:12:36.053,2.951,700
20240207,SH.510050,10:12:39.315,2.95,600
20240207,SH.510050,10:12:40.574,2.949,2000
20240207,SH.510050,10:12:42.290,2.95,2500
20240207,SH.510050,10:12:45.715,2.95,5000
20240207,SH.510050,10:12:47.793,2.951,300
20240207,SH.510050,10:12:47.180,2.95,400
20240207,SH.510050,10:12:49.939,2.95,2100
20240207,SH.510050,10:12:53.893,2.951,1700
20240207,SH.510050,10:12:52.602,2.95,200
20240207,SH.510050,10:12:53.335,2.951,300
20240207,SH.510050,10:12:54.069,2.95,100
20240207,SH.510050,10:12:55.473,2.951,1000
20240207,SH.510050,10:12:54.390,2.951,1000
20240207,SH.510050,10:13:03.203,2.951,300
20240207,SH.510050,10:13:04.869,2.952,4000
20240207,SH.510050,10:13:06.069,2.952,300
20240207,SH.510050,10:13:08.516,2.952,2000
20240207,SH.510050,10:13:10.472,2.952,1000
20240207,SH.510050,10:13:11.395,2.951,5000
20240207,SH.510050,10:13:10.486,2.951,200
20240207,SH.510050,10:13:13.823,2.952,1500
20240207,SH.510050,10:13:16.645,2.953,800
20240207,SH.510050,10:13:15.703,2.953,600
20240207,SH.510050,10:13:19.063,2.953,300
20240207,SH.510050,10:13:21.888,2.954,500
20240207,SH.510050,10:13:26.964,2.952,100
20240207,SH.510050,10:13:25.507,2.952,500
20240207,SH.510050,10:13:27.357,2.954,1500
20240207,SH.510050,10:13:30.432,2.954,3000
20240207,SH.510050,10:13:35.576,2.956,1500
20240207,SH.510050,10:13:34.809,2.956,1200
20240207,SH.510050,10:13:35.439,2.956,1000
20240207,SH.510050,10:13:38.333,2.956,800
20240207,SH.510050,10:13:37.263,2.956,300
20240207,SH.510050,10:13:39.936,2.957,600
20240207,SH.510050,10:13:50.261,2.956,1000
20240207,SH.510050,10:13:50.425,2.956,100
20240207,SH.510050,10:13:52.818,2.958,1700
20240207,SH.510050,10:14:00.563,2.955,2000
20240207,SH.510050,10:14:02.776,2.955,400
20240207,SH.510050,10:14:05.060,2.954,300
20240207,SH.510050,10:14:04.832,2.953,1100
20240207,SH.510050,10:14:11.543,2.955,800
20240207,SH.510050,10:14:14.072,2.956,2500
20240207,SH.510050,10:14:14.008,2.956,400
20240207,SH.510050,10:14:15.681,2.956,800
20240207,SH.510050,10:14:16.559,2.956,1500
20240207,SH.510050,10:14:15.665,2.955,100
20240207,SH.510050,10:14:23.238,2.956,100
20240207,SH.510050,10:14:23.148,2.955,400
20240207,SH.510050,10:14:23.101,2.955,1000
20240207,SH.510050,10:14:26.345,2.956,2500
20240207,SH.510050,10:14:25.099,2.956,1000
20240207,SH.510050,10:14:29.559,2.958,900
20240207,SH.510050,10:14:29.844,2.958,800
20240207,SH.510050,10:14:32.490,2.959,1500
20240207,SH.510050,10:14:30.660,2.96,1500
20240207,SH.510050,10:14:32.253,2.959,300
20240207,SH.510050,10:14:30.177,2.959,100
20240207,SH.510050,10:14:35.086,2.96,400
20240207,SH.510050,10:14:36.873,2.96,700
20240207,SH.510050,10:14:38.896,2.96,1200
20240207,SH.510050,10:14:38.475,2.96,800
20240207,SH.510050,10:14:37.819,2.961,800
20240207,SH.510050,10:14:43.934,2.964,500
20240207,SH.510050,10:14:43.679,2.963,4400
20240207,SH.510050,10:14:42.941,2.963,1000
20240207,SH.510050,10:14:42.863,2.964,5000
20240207,SH.510050,10:14:44.521,2.964,100
20240207,SH.510050,10:14:45.704,2.964,200
20240207,SH.510050,10:14:47.968,2.964,200
20240207,SH.510050,10:14:49.662,2.964,500
20240207,SH.510050,10:14:50.333,2.964,400
20240207,SH.510050,10:14:51.387,2.963,200
20240207,SH.510050,10:14:56.846,2.963,2000
20240207,SH.510050,10:14:59.100,2.963,300
20240207,SH.510050,10:15:00.868,2.964,100
20240207,SH.510050,10:15:03.804,2.964,3000
20240207,SH.510050,10:15:07.262,2.963,100
20240207,SH.510050,10:15:09.664,2.964,100
20240207,SH.510050,10:15:13.509,2.965,2000
20240207,SH.510050,10:15:13.426,2.964,800
20240207,SH.510050,10:15:16.600,2.965,1000
20240207,SH.510050,10:15:23.892,2.965,200
20240207,SH.510050,10:15:21.117,2.965,800
20240207,SH.510050,10:15:23.252,2.966,2000
20240207,SH.510050,10:15:22.624,2.965,400
20240207,SH.510050,10:15:26.264,2.968,1500
20240207,SH.510050,10:15:24.183,2.967,100
20240207,SH.510050,10:15:28.310,2.969,400
20240207,SH.510050,10:15:27.215,2.968,1000
20240207,SH.510050,10:15:33.906,2.97,800
20240207,SH.510050,10:15:35.311,2.969,1200
20240207,SH.510050,10:15:38.548,2.968,500
20240207,SH.510050,10:15:37.220,2.969,900
20240207,SH.510050,10:15:41.384,2.97,400
20240207,SH.510050,10:15:42.392,2.969,900
20240207,SH.510050,10:15:43.612,2.969,1000
20240207,SH.510050,10:15:48.111,2.971,5000
20240207,SH.510050,10:15:50.576,2.971,600
20240207,SH.510050,10:15:52.976,2.97,500
20240207,SH.510050,10:15:54.511,2.967,300
20240207,SH.510050,10:15:54.083,2.968,1000
20240207,SH.510050,10:15:55.536,2.967,2000
20240207,SH.510050,10:15:55.888,2.967,2000
20240207,SH.510050,10:15:58.798,2.968,300
20240207,SH.510050,10:15:58.460,2.969,400
20240207,SH.510050,10:15:57.435,2.969,500
20240207,SH.510050,10:16:00.769,2.969,800
20240207,SH.510050,10:16:02.782,2.968,800
20240207,SH.510050,10:16:01.128,2.969,2500
20240207,SH.510050,10:16:03.655,2.969,100
20240207,SH.510050,10:16:05.104,2.969,600
20240207,SH.510050,10:16:07.942,2.969,1000
20240207,SH.510050,10:16:06.518,2.969,5000
20240207,SH.510050,10:16:09.626,2.968,5000
20240207,SH.510050,10:16:11.825,2.969,5000
20240207,SH.510050,10:16:14.003,2.969,200
20240207,SH.510050,10:16:13.078,2.969,700
20240207,SH.510050,10:16:17.808,2.968,200
20240207,SH.510050,10:16:15.422,2.969,1500
20240207,SH.510050,10:16:18.841,2.969,200
20240207,SH.510050,10:16:18.336,2.97,1000
20240207,SH.510050,10:16:18.271,2.969,700
20240207,SH.510050,10:16:18.807,2.969,2000
20240207,SH.510050,10:16:23.336,2.968,300
20240207,SH.510050,10:16:23.186,2.968,100
20240207,SH.510050,10:16:24.859,2.967,2000
20240207,SH.510050,10:16:24.359,2.968,200
20240207,SH.510050,10:16:27.798,2.967,100
20240207,SH.510050,10:16:30.522,2.968,600
20240207,SH.510050,10:16:35.226,2.968,4000
20240207,SH.510050,10:16:36.812,2.969,1500
20240207,SH.510050,10:16:38.933,2.969,1000
20240207,SH.510050,10:16:41.079,2.968,3000
20240207,SH.510050,10:16:40.988,2.969,900
20240207,SH.510050,10:16:39.817,2.969,300
20240207,SH.510050,10:16:44.217,2.969,700
20240207,SH.510050,10:16:44.477,2.969,600
20240207,SH.510050,10:16:47.553,2.968,1000
20240207,SH.510050,10:16:47.813,2.968,2500
20240207,SH.510050,10:16:49.243,2.967,600
20240207,SH.510050,10:16:48.397,2.968,100
20240207,SH.510050,10:16:56.194,2.968,600
20240207,SH.510050,10:16:55.150,2.967,800
20240207,SH.510050,10:17:00.214,2.968,600
20240207,SH.510050,10:17:04.824,2.97,3000
20240207,SH.510050,10:17:09.817,2.97,2400
20240207,SH.510050,10:17:10.744,2.97,400
20240207,SH.510050,10:17:11.238,2.97,200
20240207,SH.510050,10:17:12.711,2.97,1000
20240207,SH.510050,10:17:15.357,2.968,900
20240207,SH.510050,10:17:15.818,2.968,500
20240207,SH.510050,10:17:18.495,2.969,500
20240207,SH.510050,10:17:24.767,2.97,300
20240207,SH.510050,10:17:26.838,2.97,4000
20240207,SH.510050,10:17:24.996,2.97,1600
20240207,SH.510050,10:17:24.782,2.97,1500
20240207,SH.510050,10:17:33.859,2.971,2000
20240207,SH.510050,10:17:37.323,2.971,400
20240207,SH.510050,10:17:38.378,2.971,4000
20240207,SH.510050,10:17:38.431,2.972,5000
20240207,SH.510050,10:17:36.316,2.971,2500
20240207,SH.510050,10:17:39.171,2.972,1000
20240207,SH.510050,10:17:40.759,2.972,300
20240207,SH.510050,10:17:43.411,2.972,600
20240207,SH.510050,10:17:47.454,2.97,1000
20240207,SH.510050,10:17:46.009,2.97,1000
20240207,SH.510050,10:17:46.128,2.971,500
20240207,SH.510050,10:17:48.900,2.97,2000
20240207,SH.510050,10:17:48.813,2.971,100
20240207,SH.510050,10:17:51.461,2.97,500
20240207,SH.510050,10:17:51.738,2.97,200
20240207,SH.510050,10:17:54.733,2.971,1500
20240207,SH.510050,10:17:56.371,2.97,300
20240207,SH.510050,10:17:59.376,2.971,100
20240207,SH.510050,10:17:57.785,2.971,1400
20240207,SH.510050,10:18:01.779,2.968,3700
20240207,SH.510050,10:18:05.583,2.967,800
20240207,SH.510050,10:18:03.758,2.967,1400
20240207,SH.510050,10:18:05.595,2.968,4000
20240207,SH.510050,10:18:10.933,2.968,2000
20240207,SH.510050,10:18:12.248,2.967,100
20240207,SH.510050,10:18:14.118,2.968,5000
20240207,SH.510050,10:18:15.352,2.968,300
20240207,SH.510050,10:18:21.415,2.965,100
20240207,SH.510050,10:18:26.578,2.966,1200
20240207,SH.510050,10:18:35.048,2.967,2500
20240207,SH.510050,10:18:35.624,2.968,100
20240207,SH.510050,10:18:36.585,2.965,400
20240207,SH.510050,10:18:36.798,2.965,2000
20240207,SH.510050,10:18:41.110,2.965,200
20240207,SH.510050,10:18:41.703,2.965,200
20240207,SH.510050,10:18:44.656,2.965,1500
20240207,SH.510050,10:18:45.231,2.966,2000
20240207,SH.510050,10:18:50.918,2.967,100
20240207,SH.510050,10:18:55.173,2.967,1000
20240207,SH.510050,10:18:56.486,2.967,1000
20240207,SH.510050,10:18:55.881,2.967,3000
20240207,SH.510050,10:18:55.749,2.966,600
20240207,SH.510050,10:19:03.507,2.965,1500
20240207,SH.510050,10:19:06.070,2.966,700
20240207,SH.510050,10:19:07.578,2.965,400
20240207,SH.510050,10:19:07.646,2.966,2000
20240207,SH.510050,10:19:09.194,2.965,4000
20240207,SH.510050,10:19:09.700,2.965,900
20240207,SH.510050,10:19:10.606,2.966,700
20240207,SH.510050,10:19:14.625,2.965,500
20240207,SH.510050,10:19:13.781,2.965,100
20240207,SH.510050,10:19:12.970,2.965,500
20240207,SH.510050,10:19:16.300,2.964,1500
20240207,SH.510050,10:19:17.397,2.965,100
20240207,SH.510050,10:19:16.191,2.964,400
20240207,SH.510050,10:19:19.688,2.965,400
20240207,SH.510050,10:19:23.924,2.968,300
20240207,SH.510050,10:19:23.525,2.967,400
20240207,SH.510050,10:19:21.130,2.968,3000
20240207,SH.510050,10:19:25.061,2.968,600
20240207,SH.510050,10:19:25.836,2.968,400
20240207,SH.510050,10:19:28.101,2.968,2000
20240207,SH.510050,10:19:32.724,2.969,5000
20240207,SH.510050,10:19:36.091,2.971,400
20240207,SH.510050,10:19:36.895,2.97,2500
20240207,SH.510050,10:19:37.291,2.971,5000
20240207,SH.510050,10:19:41.840,2.97,600
20240207,SH.510050,10:19:41.004,2.969,100
20240207,SH.510050,10:19:40.607,2.969,1500
20240207,SH.510050,10:19:40.702,2.97,400
20240207,SH.510050,10:19:44.753,2.97,1000
20240207,SH.510050,10:19:46.713,2.97,1000
20240207,SH.510050,10:19:50.522,2.968,2000
20240207,SH.510050,10:19:52.199,2.968,600
20240207,SH.510050,10:19:51.545,2.968,400
20240207,SH.510050,10:19:52.530,2.969,1000
20240207,SH.510050,10:19:54.240,2.969,1200
20240207,SH.510050,10:19:58.541,2.969,100
20240207,SH.510050,10:20:01.086,2.97,4000
20240207,SH.510050,10:20:02.510,2.971,3000
20240207,SH.510050,10:20:03.501,2.97,2000
20240207,SH.510050,10:20:05.440,2.97,2500
20240207,SH.510050,10:20:07.651,2.971,200
20240207,SH.510050,10:20:07.980,2.97,1500
20240207,SH.510050,10:20:10.135,2.972,900
20240207,SH.510050,10:20:09.569,2.972,500
20240207,SH.510050,10:20:09.594,2.971,400
20240207,SH.510050,10:20:14.856,2.969,500
20240207,SH.510050,10:20:14.646,2.97,100
20240207,SH.510050,10:20:12.605,2.969,400
20240207,SH.510050,10:20:17.294,2.969,1000
20240207,SH.510050,10:20:16.573,2.968,2500
20240207,SH.510050,10:20:17.162,2.968,400
20240207,SH.510050,10:20:17.706,2.969,200
20240207,SH.510050,10:20:21.111,2.967,1500
20240207,SH.510050,10:20:23.137,2.968,1500
20240207,SH.510050,10:20:23.243,2.968,2000
20240207,SH.510050,10:20:21.760,2.967,1500
20240207,SH.510050,10:20:25.715,2.965,1500
20240207,SH.510050,10:20:24.110,2.965,100
20240207,SH.510050,10:20:25.011,2.965,500
20240207,SH.510050,10:20:27.297,2.965,1000
20240207,SH.510050,10:20:28.834,2.964,300
20240207,SH.510050,10:20:37.510,2.967,100
20240207,SH.510050,10:20:38.807,2.967,1000
20240207,SH.510050,10:20:38.917,2.967,1000
20240207,SH.510050,10:20:39.155,2.967,900
20240207,SH.510050,10:20:39.233,2.966,2000
20240207,SH.510050,10:20:44.795,2.966,4000
20240207,SH.510050,10:20:43.497,2.966,1000
20240207,SH.510050,10:20:47.739,2.969,600
20240207,SH.510050,10:20:47.794,2.969,2100
20240207,SH.510050,10:20:46.664,2.968,2000
20240207,SH.510050,10:20:49.015,2.967,400
20240207,SH.510050,10:20:49.713,2.968,100
20240207,SH.510050,10:20:48.756,2.968,900
20240207,SH.510050,10:20:48.485,2.968,500
20240207,SH.510050,10:20:51.881,2.97,4000
20240207,SH.510050,10:20:54.762,2.971,200
20240207,SH.510050,10:20:58.935,2.971,200
20240207,SH.510050,10:20:58.010,2.97,400
20240207,SH.510050,10:20:58.384,2.97,500
20240207,SH.510050,10:21:02.550,2.97,1200
20240207,SH.510050,10:21:01.994,2.971,1200
20240207,SH.510050,10:21:06.195,2.97,500
20240207,SH.510050,10:21:08.123,2.97,2500
20240207,SH.510050,10:21:09.709,2.968,100
20240207,SH.510050,10:21:09.510,2.968,500
20240207,SH.510050,10:21:14.362,2.968,500
20240207,SH.510050,10:21:20.420,2.967,300
20240207,SH.510050,10:21:21.032,2.969,1000
20240207,SH.510050,10:21:23.979,2.968,300
20240207,SH.510050,10:21:27.404,2.969,300
20240207,SH.510050,10:21:31.336,2.969,1500
20240207,SH.510050,10:21:32.296,2.968,900
20240207,SH.510050,10:21:35.597,2.969,200
20240207,SH.510050,10:21:33.849,2.969,800
20240207,SH.510050,10:21:33.298,2.968,600
20240207,SH.510050,10:21:37.119,2.969,1500
20240207,SH.510050,10:21:39.055,2.967,100
20240207,SH.510050,10:21:43.540,2.967,100
20240207,SH.510050,10:21:43.160,2.968,1000
20240207,SH.510050,10:21:47.636,2.968,300
20240207,SH.510050,10:21:47.503,2.969,100
20240207,SH.510050,10:21:57.439,2.968,3000
20240207,SH.510050,10:22:01.856,2.968,1100
20240207,SH.510050,10:22:03.212,2.967,1000
20240207,SH.510050,10:22:10.841,2.968,400
20240207,SH.510050,10:22:16.466,2.969,2500
20240207,SH.510050,10:22:17.492,2.968,200
20240207,SH.510050,10:22:19.307,2.969,500
20240207,SH.510050,10:22:22.338,2.968,600
20240207,SH.510050,10:22:23.880,2.968,400
20240207,SH.510050,10:22:26.211,2.97,500
20240207,SH.510050,10:22:24.653,2.97,2500
20240207,SH.510050,10:22:31.212,2.971,5000
20240207,SH.510050,10:22:30.489,2.972,5000
20240207,SH.510050,10:22:35.783,2.969,900
20240207,SH.510050,10:22:35.424,2.97,600
20240207,SH.510050,10:22:33.618,2.97,4000
20240207,SH.510050,10:22:34.698,2.97,300
20240207,SH.510050,10:22:36.088,2.969,300
20240207,SH.510050,10:22:38.014,2.97,3000
20240207,SH.510050,10:22:36.686,2.969,800
20240207,SH.510050,10:22:46.875,2.969,400
20240207,SH.510050,10:22:45.654,2.969,500
20240207,SH.510050,10:22:48.607,2.967,900
20240207,SH.510050,10:22:49.564,2.967,800
20240207,SH.510050,10:22:52.851,2.967,1000
20240207,SH.510050,10:22:56.843,2.966,3000
20240207,SH.510050,10:22:56.673,2.967,1700
20240207,SH.510050,10:22:54.161,2.966,300
20240207,SH.510050,10:22:57.106,2.967,2500
20240207,SH.510050,10:22:58.889,2.966,2000
20240207,SH.510050,10:22:59.366,2.967,200
20240207,SH.510050,10:23:02.517,2.968,200
20240207,SH.510050,10:23:01.215,2.968,400
20240207,SH.510050,10:23:02.439,2.968,1700
20240207,SH.510050,10:23:04.607,2.967,600
20240207,SH.510050,10:23:03.451,2.967,400
20240207,SH.510050,10:23:07.152,2.968,600
20240207,SH.510050,10:23:10.008,2.968,4000
20240207,SH.510050,10:23:16.819,2.969,3000
20240207,SH.510050,10:23:16.891,2.969,4000
20240207,SH.510050,10:23:17.896,2.97,1000
20240207,SH.510050,10:23:19.622,2.969,500
20240207,SH.510050,10:23:23.941,2.969,1000
20240207,SH.510050,10:23:26.737,2.969,600
20240207,SH.510050,10:23:24.691,2.969,3000
20240207,SH.510050,10:23:28.544,2.971,400
20240207,SH.510050,10:23:27.206,2.971,500
20240207,SH.510050,10:23:27.293,2.971,100
20240207,SH.510050,10:23:30.763,2.971,500
20240207,SH.510050,10:23:31.388,2.972,1000
20240207,SH.510050,10:23:33.304,2.972,300
20240207,SH.510050,10:23:37.534,2.971,400
20240207,SH.510050,10:23:36.889,2.971,100
20240207,SH.510050,10:23:37.266,2.971,600
20240207,SH.510050,10:23:41.645,2.972,300
20240207,SH.510050,10:23:40.939,2.972,500
20240207,SH.510050,10:23:42.017,2.972,300
20240207,SH.510050,10:23:43.455,2.972,200
20240207,SH.510050,10:23:46.784,2.972,1000
20240207,SH.510050,10:23:48.721,2.971,1500
20240207,SH.510050,10:23:52.271,2.97,200
20240207,SH.510050,10:23:54.914,2.971,1300
20240207,SH.510050,10:23:55.827,2.971,100
20240207,SH.510050,10:23:55.375,2.97,2000
20240207,SH.510050,10:23:54.471,2.97,200
20240207,SH.510050,10:23:56.957,2.97,5000
20240207,SH.510050,10:23:55.752,2.97,200
20240207,SH.510050,10:23:59.722,2.97,2000
20240207,SH.510050,10:23:57.493,2.97,400
20240207,SH.510050,10:24:05.140,2.967,1500
20240207,SH.510050,10:24:03.094,2.967,400
20240207,SH.510050,10:24:13.117,2.966,3000
20240207,SH.510050,10:24:13.856,2.966,200
20240207,SH.510050,10:24:12.837,2.966,200
20240207,SH.510050,10:24:16.563,2.966,5000
20240207,SH.510050,10:24:17.121,2.965,100
20240207,SH.510050,10:24:19.158,2.964,1500
20240207,SH.510050,10:24:19.568,2.965,2500
20240207,SH.510050,10:24:21.421,2.965,200
20240207,SH.510050,10:24:21.864,2.966,100
20240207,SH.510050,10:24:26.883,2.967,1700
20240207,SH.510050,10:24:29.601,2.965,1600
20240207,SH.510050,10:24:28.975,2.965,600
20240207,SH.510050,10:24:30.095,2.965,500
20240207,SH.510050,10:24:30.391,2.964,500
20240207,SH.510050,10:24:30.022,2.964,1500
20240207,SH.510050,10:24:33.537,2.963,2500
20240207,SH.510050,10:24:33.737,2.964,800
20240207,SH.510050,10:24:36.394,2.964,1000
20240207,SH.510050,10:24:37.419,2.964,200
20240207,SH.510050,10:24:41.086,2.965,200
20240207,SH.510050,10:24:41.886,2.965,2700
20240207,SH.510050,10:24:42.142,2.963,1200
20240207,SH.510050,10:24:44.481,2.963,500
20240207,SH.510050,10:24:42.302,2.964,300
20240207,SH.510050,10:24:46.097,2.966,1000
20240207,SH.510050,10:24:50.823,2.966,2000
20240207,SH.510050,10:24:48.372,2.965,200
20240207,SH.510050,10:24:49.685,2.966,1500
20240207,SH.510050,10:24:52.954,2.967,1000
20240207,SH.510050,10:24:51.882,2.967,200
20240207,SH.510050,10:24:51.020,2.967,300
20240207,SH.510050,10:24:59.815,2.969,3000
20240207,SH.510050,10:25:01.956,2.969,100
20240207,SH.510050,10:25:03.231,2.969,500
20240207,SH.510050,10:25:03.305,2.968,1500
20240207,SH.510050,10:25:07.547,2.968,3200
20240207,SH.510050,10:25:10.335,2.966,1500
20240207,SH.510050,10:25:11.352,2.966,600
20240207,SH.510050,10:25:12.999,2.966,5000
20240207,SH.510050,10:25:13.231,2.967,2000
20240207,SH.510050,10:25:17.970,2.965,200
20240207,SH.510050,10:25:15.944,2.965,2000
20240207,SH.510050,10:25:18.991,2.966,200
20240207,SH.510050,10:25:22.293,2.966,600
20240207,SH.510050,10:25:21.525,2.965,1000
20240207,SH.510050,10:25:26.557,2.966,1000
20240207,SH.510050,10:25:29.755,2.965,1000
20240207,SH.510050,10:25:27.566,2.965,1000
20240207,SH.510050,10:25:28.546,2.965,1500
20240207,SH.510050,10:25:30.532,2.966,3000
20240207,SH.510050,10:25:31.613,2.965,100
20240207,SH.510050,10:25:31.393,2.966,400
20240207,SH.510050,10:25:35.242,2.964,800
20240207,SH.510050,10:25:35.603,2.965,1000
20240207,SH.510050,10:25:36.947,2.966,2000
20240207,SH.510050,10:25:39.049,2.964,200
20240207,SH.510050,10:25:40.171,2.964,2500
20240207,SH.510050,10:25:42.705,2.965,1000
20240207,SH.510050,10:25:42.896,2.965,1000
20240207,SH.510050,10:25:43.642,2.965,1000
20240207,SH.510050,10:25:42.436,2.964,2500
20240207,SH.510050,10:25:43.068,2.965,1300
20240207,SH.510050,10:25:42.239,2.964,1000
20240207,SH.510050,10:25:47.876,2.964,400
20240207,SH.510050,10:25:45.531,2.965,300
20240207,SH.510050,10:25:46.696,2.965,400
20240207,SH.510050,10:25:46.879,2.964,300
20240207,SH.510050,10:25:46.081,2.964,1000
20240207,SH.510050,10:25:49.729,2.964,2000
20240207,SH.510050,10:25:51.468,2.966,2000
20240207,SH.510050,10:25:53.308,2.965,600
20240207,SH.510050,10:25:54.196,2.965,600
20240207,SH.510050,10:25:54.243,2.964,1500
20240207,SH.510050,10:25:54.322,2.964,1000
20240207,SH.510050,10:25:54.523,2.965,3300
20240207,SH.510050,10:25:57.408,2.963,1000
20240207,SH.510050,10:25:57.827,2.963,1400
20240207,SH.510050,10:25:59.012,2.964,600
20240207,SH.510050,10:25:59.063,2.963,300
20240207,SH.510050,10:25:57.392,2.964,1000
20240207,SH.510050,10:26:01.533,2.963,100
20240207,SH.510050,10:26:03.685,2.965,1000
20240207,SH.510050,10:26:11.023,2.965,600
20240207,SH.510050,10:26:12.816,2.967,500
20240207,SH.510050,10:26:12.408,2.967,100
20240207,SH.510050,10:26:15.696,2.969,2000
20240207,SH.510050,10:26:16.648,2.968,500
20240207,SH.510050,10:26:20.319,2.967,1500
20240207,SH.510050,10:26:18.515,2.968,800
20240207,SH.510050,10:26:20.981,2.967,2000
20240207,SH.510050,10:26:18.753,2.968,300
20240207,SH.510050,10:26:20.644,2.968,2100
20240207,SH.510050,10:26:24.576,2.969,1500
20240207,SH.510050,10:26:27.051,2.968,3900
20240207,SH.510050,10:26:27.517,2.967,400
20240207,SH.510050,10:26:30.808,2.968,2800
20240207,SH.510050,10:26:31.783,2.968,300
20240207,SH.510050,10:26:30.491,2.968,1200
20240207,SH.510050,10:26:34.039,2.971,1000
20240207,SH.510050,10:26:41.741,2.973,1000
20240207,SH.510050,10:26:40.093,2.973,1800
20240207,SH.510050,10:26:39.166,2.974,400
20240207,SH.510050,10:26:42.278,2.975,800
20240207,SH.510050,10:26:49.536,2.976,1600
20240207,SH.510050,10:26:48.915,2.976,2000
20240207,SH.510050,10:26:49.473,2.975,2500
20240207,SH.510050,10:26:48.877,2.975,3000
20240207,SH.510050,10:26:51.288,2.977,400
20240207,SH.510050,10:26:57.084,2.979,1000
20240207,SH.510050,10:26:58.598,2.979,2000
20240207,SH.510050,10:27:01.727,2.978,200
20240207,SH.510050,10:27:00.450,2.977,500
20240207,SH.510050,10:27:00.937,2.977,5000
20240207,SH.510050,10:27:01.199,2.978,400
20240207,SH.510050,10:27:06.549,2.976,500
20240207,SH.510050,10:27:10.436,2.975,3000
20240207,SH.510050,10:27:12.137,2.976,200
20240207,SH.510050,10:27:13.184,2.976,900
20240207,SH.510050,10:27:15.002,2.974,1000
20240207,SH.510050,10:27:17.888,2.973,200
20240207,SH.510050,10:27:18.373,2.976,300
20240207,SH.510050,10:27:25.700,2.977,1000
20240207,SH.510050,10:27:26.021,2.977,2000
20240207,SH.510050,10:27:24.268,2.976,1000
20240207,SH.510050,10:27:29.879,2.977,100
20240207,SH.510050,10:27:29.418,2.977,400
20240207,SH.510050,10:27:30.438,2.978,600
20240207,SH.510050,10:27:36.805,2.979,100
20240207,SH.510050,10:27:36.223,2.979,200
20240207,SH.510050,10:27:39.415,2.978,500
20240207,SH.510050,10:27:43.771,2.979,300
20240207,SH.510050,10:27:45.174,2.98,2000
20240207,SH.510050,10:27:49.363,2.981,100
20240207,SH.510050,10:27:49.402,2.98,200
20240207,SH.510050,10:27:48.686,2.981,200
20240207,SH.510050,10:27:51.458,2.978,300
20240207,SH.510050,10:27:53.766,2.979,5000
20240207,SH.510050,10:27:55.440,2.978,2000
20240207,SH.510050,10:27:55.071,2.979,4000
20240207,SH.510050,10:27:58.654,2.979,200
20240207,SH.510050,10:27:58.322,2.979,800
20240207,SH.510050,10:27:57.305,2.978,2000
20240207,SH.510050,10:28:00.905,2.98,4000
20240207,SH.510050,10:28:00.099,2.98,300
20240207,SH.510050,10:28:08.945,2.982,1000
20240207,SH.510050,10:28:07.872,2.982,100
20240207,SH.510050,10:28:11.932,2.983,1000
20240207,SH.510050,10:28:13.953,2.984,300
20240207,SH.510050,10:28:15.051,2.983,800
20240207,SH.510050,10:28:16.291,2.983,300
20240207,SH.510050,10:28:16.520,2.983,1000
20240207,SH.510050,10:28:21.125,2.985,500
20240207,SH.510050,10:28:25.229,2.984,1300
20240207,SH.510050,10:28:27.170,2.984,4000
20240207,SH.510050,10:28:28.699,2.983,400
20240207,SH.510050,10:28:29.425,2.984,600
20240207,SH.510050,10:28:30.013,2.983,100
20240207,SH.510050,10:28:30.087,2.984,1500
20240207,SH.510050,10:28:31.642,2.984,800
20240207,SH.510050,10:28:34.267,2.983,1000
20240207,SH.510050,10:28:34.361,2.983,400
20240207,SH.510050,10:28:34.588,2.983,300
20240207,SH.510050,10:28:35.749,2.983,2200
20240207,SH.510050,10:28:34.997,2.983,4000
20240207,SH.510050,10:28:38.014,2.983,200
20240207,SH.510050,10:28:40.594,2.984,100
20240207,SH.510050,10:28:42.643,2.984,600
20240207,SH.510050,10:28:46.510,2.984,400
20240207,SH.510050,10:28:46.222,2.984,1100
20240207,SH.510050,10:28:46.981,2.983,2000
20240207,SH.510050,10:28:50.793,2.984,200
20240207,SH.510050,10:28:48.997,2.983,800
20240207,SH.510050,10:28:53.645,2.981,1000
20240207,SH.510050,10:28:51.309,2.981,1000
20240207,SH.510050,10:28:59.770,2.981,300
20240207,SH.510050,10:28:57.817,2.98,1500
20240207,SH.510050,10:29:01.082,2.981,200
20240207,SH.510050,10:29:02.244,2.98,400
20240207,SH.510050,10:29:05.245,2.981,200
20240207,SH.510050,10:29:03.408,2.98,100
20240207,SH.510050,10:29:10.498,2.98,2000
20240207,SH.510050,10:29:09.921,2.979,800
20240207,SH.510050,10:29:12.282,2.98,400
20240207,SH.510050,10:29:16.883,2.98,1000
20240207,SH.510050,10:29:15.665,2.979,300
20240207,SH.510050,10:29:20.668,2.98,5000
20240207,SH.510050,10:29:21.521,2.978,1100
20240207,SH.510050,10:29:24.035,2.978,600
20240207,SH.510050,10:29:29.730,2.978,300
20240207,SH.510050,10:29:30.483,2.976,800
20240207,SH.510050,10:29:32.927,2.976,2000
20240207,SH.510050,10:29:35.297,2.977,800
20240207,SH.510050,10:29:33.266,2.977,2500
20240207,SH.510050,10:29:34.558,2.977,300
20240207,SH.510050,10:29:33.191,2.976,400
20240207,SH.510050,10:29:36.392,2.977,3000
20240207,SH.510050,10:29:37.337,2.976,200
20240207,SH.510050,10:29:39.712,2.978,600
20240207,SH.510050,10:29:40.198,2.978,200
20240207,SH.510050,10:29:44.155,2.977,200
20240207,SH.510050,10:29:43.822,2.977,2800
20240207,SH.510050,10:29:46.409,2.976,100
20240207,SH.510050,10:29:46.373,2.976,2000
20240207,SH.510050,10:29:50.751,2.977,2000
20240207,SH.510050,10:29:49.651,2.976,1000
20240207,SH.510050,10:29:48.080,2.976,600
20240207,SH.510050,10:29:51.204,2.977,2800
20240207,SH.510050,10:29:58.961,2.978,100
20240207,SH.510050,10:30:01.572,2.977,1200
20240207,SH.510050,10:30:04.898,2.976,1500
20240207,SH.510050,10:30:03.603,2.977,2000
20240207,SH.510050,10:30:05.563,2.976,5000
20240207,SH.510050,10:30:06.095,2.977,400
20240207,SH.510050,10:30:13.785,2.977,800
20240207,SH.510050,10:30:15.965,2.978,200
20240207,SH.510050,10:30:16.113,2.978,2000
20240207,SH.510050,10:30:20.558,2.981,1500
20240207,SH.510050,10:30:20.731,2.981,1000
20240207,SH.510050,10:30:18.022,2.981,1200
20240207,SH.510050,10:30:20.762,2.98,3000
20240207,SH.510050,10:30:21.162,2.981,500
20240207,SH.510050,10:30:21.651,2.981,200
20240207,SH.510050,10:30:23.650,2.98,2000
20240207,SH.510050,10:30:23.775,2.98,700
20240207,SH.510050,10:30:22.025,2.98,100
20240207,SH.510050,10:30:25.470,2.979,2000
20240207,SH.510050,10:30:24.408,2.979,400
20240207,SH.510050,10:30:26.145,2.979,300
20240207,SH.510050,10:30:27.245,2.978,600
20240207,SH.510050,10:30:30.389,2.979,100
20240207,SH.510050,10:30:31.981,2.978,600
20240207,SH.510050,10:30:31.831,2.978,1000
20240207,SH.510050,10:30:35.411,2.981,600
20240207,SH.510050,10:30:34.367,2.981,600
20240207,SH.510050,10:30:42.643,2.98,300
20240207,SH.510050,10:30:44.729,2.98,900
20240207,SH.510050,10:30:49.586,2.978,400
20240207,SH.510050,10:30:50.586,2.978,100
20240207,SH.510050,10:30:57.785,2.981,400
20240207,SH.510050,10:30:57.392,2.98,200
20240207,SH.510050,10:31:01.395,2.98,100
20240207,SH.510050,10:31:02.282,2.98,1000
20240207,SH.510050,10:31:03.620,2.979,300
20240207,SH.510050,10:31:03.299,2.98,200
20240207,SH.510050,10:31:06.106,2.98,400
20240207,SH.510050,10:31:14.723,2.981,100
20240207,SH.510050,10:31:18.841,2.982,2500
20240207,SH.510050,10:31:19.438,2.983,900
20240207,SH.510050,10:31:18.627,2.982,1500
20240207,SH.510050,10:31:21.227,2.983,700
20240207,SH.510050,10:31:32.509,2.983,200
20240207,SH.510050,10:31:35.659,2.982,2300
20240207,SH.510050,10:31:37.882,2.983,2500
20240207,SH.510050,10:31:36.358,2.983,900
20240207,SH.510050,10:31:40.510,2.984,800
20240207,SH.510050,10:31:40.558,2.985,200
20240207,SH.510050,10:31:42.905,2.985,1000
20240207,SH.510050,10:31:46.759,2.985,500
20240207,SH.510050,10:31:47.992,2.985,1200
20240207,SH.510050,10:31:45.794,2.984,1500
20240207,SH.510050,10:31:52.889,2.985,1500
20240207,SH.510050,10:31:52.980,2.986,400
20240207,SH.510050,10:31:56.599,2.984,3000
20240207,SH.510050,10:31:55.654,2.985,200
20240207,SH.510050,10:31:55.297,2.984,200
20240207,SH.510050,10:31:57.399,2.985,1100
20240207,SH.510050,10:31:57.578,2.984,1100
20240207,SH.510050,10:31:59.097,2.984,400
20240207,SH.510050,10:32:02.985,2.987,5000
20240207,SH.510050,10:32:04.507,2.986,100
20240207,SH.510050,10:32:03.003,2.987,1500
20240207,SH.510050,10:32:04.505,2.986,1000
20240207,SH.510050,10:32:08.651,2.987,200
20240207,SH.510050,10:32:11.022,2.987,600
20240207,SH.510050,10:32:10.660,2.988,500
20240207,SH.510050,10:32:13.739,2.987,200
20240207,SH.510050,10:32:12.920,2.987,500
20240207,SH.510050,10:32:14.881,2.988,100
20240207,SH.510050,10:32:18.874,2.987,100
20240207,SH.510050,10:32:20.883,2.988,1500
20240207,SH.510050,10:32:20.938,2.987,300
20240207,SH.510050,10:32:24.015,2.985,300
20240207,SH.510050,10:32:24.432,2.986,800
20240207,SH.510050,10:32:29.288,2.984,600
20240207,SH.510050,10:32:28.571,2.985,900
20240207,SH.510050,10:32:32.159,2.983,300
20240207,SH.510050,10:32:32.290,2.983,400
20240207,SH.510050,10:32:33.633,2.983,5000
20240207,SH.510050,10:32:34.371,2.982,1200
20240207,SH.510050,10:32:39.096,2.981,3000
20240207,SH.510050,10:32:46.947,2.986,200
20240207,SH.510050,10:32:50.052,2.987,1000
20240207,SH.510050,10:32:55.899,2.986,100
20240207,SH.510050,10:32:55.514,2.986,500
20240207,SH.510050,10:32:56.740,2.987,1000
20240207,SH.510050,10:32:57.577,2.987,800
20240207,SH.510050,10:32:59.657,2.987,1000
20240207,SH.510050,10:33:00.380,2.989,1100
20240207,SH.510050,10:33:03.208,2.989,200
20240207,SH.510050,10:33:03.355,2.99,400
20240207,SH.510050,10:33:08.177,2.988,500
20240207,SH.510050,10:33:08.178,2.989,600
20240207,SH.510050,10:33:09.234,2.989,1500
20240207,SH.510050,10:33:14.381,2.989,400
20240207,SH.510050,10:33:14.402,2.99,700
20240207,SH.510050,10:33:15.544,2.99,4000
20240207,SH.510050,10:33:15.719,2.99,600
20240207,SH.510050,10:33:17.790,2.99,300
20240207,SH.510050,10:33:18.742,2.992,300
20240207,SH.510050,10:33:18.286,2.992,200
20240207,SH.510050,10:33:23.307,2.992,300
20240207,SH.510050,10:33:21.940,2.993,500
20240207,SH.510050,10:33:26.140,2.994,2000
20240207,SH.510050,10:33:25.880,2.994,2000
20240207,SH.510050,10:33:27.415,2.995,1600
20240207,SH.510050,10:33:27.288,2.996,200
20240207,SH.510050,10:33:27.024,2.995,100
20240207,SH.510050,10:33:27.809,2.995,700
20240207,SH.510050,10:33:37.694,2.997,1000
20240207,SH.510050,10:33:38.748,2.997,5000
20240207,SH.510050,10:33:37.788,2.996,1000
20240207,SH.510050,10:33:40.857,2.998,200
20240207,SH.510050,10:33:44.631,2.998,200
20240207,SH.510050,10:33:42.591,2.997,1000
20240207,SH.510050,10:33:49.663,2.994,200
20240207,SH.510050,10:33:58.315,2.996,5000
20240207,SH.510050,10:33:59.920,2.995,400
20240207,SH.510050,10:34:00.700,2.996,100
20240207,SH.510050,10:34:05.535,2.996,600
20240207,SH.510050,10:34:08.889,2.995,1500
20240207,SH.510050,10:34:11.413,2.995,900
20240207,SH.510050,10:34:12.165,2.997,500
20240207,SH.510050,10:34:16.330,2.997,900
20240207,SH.510050,10:34:16.317,2.996,300
20240207,SH.510050,10:34:19.195,2.997,200
20240207,SH.510050,10:34:19.318,2.997,400
20240207,SH.510050,10:34:18.569,2.997,300
20240207,SH.510050,10:34:23.107,2.998,100
20240207,SH.510050,10:34:23.940,2.999,400
20240207,SH.510050,10:34:22.026,2.998,2000
20240207,SH.510050,10:34:26.571,3.0,1500
20240207,SH.510050,10:34:32.028,3.001,1300
20240207,SH.510050,10:34:31.263,3.001,200
20240207,SH.510050,10:34:30.085,3.0,300
20240207,SH.510050,10:34:37.505,3.003,3200
20240207,SH.510050,10:34:41.235,3.002,2000
20240207,SH.510050,10:34:39.408,3.002,100
20240207,SH.510050,10:34:42.618,3.003,400
20240207,SH.510050,10:34:44.553,3.002,500
20240207,SH.510050,10:34:46.116,3.001,1000
20240207,SH.510050,10:34:46.633,3.0,400
20240207,SH.510050,10:34:46.847,3.001,200
20240207,SH.510050,10:34:50.151,2.999,200
20240207,SH.510050,10:34:48.550,3.0,1000
20240207,SH.510050,10:34:49.893,3.0,1500
20240207,SH.510050,10:34:53.299,3.0,1000
20240207,SH.510050,10:34:55.151,3.0,200
20240207,SH.510050,10:34:54.585,3.0,200
20240207,SH.510050,10:34:54.562,2.999,800
20240207,SH.510050,10:35:01.141,2.998,3000
20240207,SH.510050,10:35:01.109,2.998,3000
20240207,SH.510050,10:35:02.223,2.997,200
20240207,SH.510050,10:35:01.262,2.998,1000
20240207,SH.510050,10:35:00.675,2.998,3500
20240207,SH.510050,10:35:05.295,2.996,800
20240207,SH.510050,10:35:04.342,2.996,2000
20240207,SH.510050,10:35:07.925,2.994,300
20240207,SH.510050,10:35:08.462,2.995,500
20240207,SH.510050,10:35:10.085,2.996,700
20240207,SH.510050,10:35:09.236,2.995,5000
20240207,SH.510050,10:35:13.401,2.995,400
20240207,SH.510050,10:35:12.107,2.996,2500
20240207,SH.510050,10:35:14.199,2.996,3000
20240207,SH.510050,10:35:15.447,2.995,600
20240207,SH.510050,10:35:15.435,2.995,100
20240207,SH.510050,10:35:20.003,2.995,300
20240207,SH.510050,10:35:19.631,2.995,300
20240207,SH.510050,10:35:19.291,2.994,700
20240207,SH.510050,10:35:18.094,2.995,4400
20240207,SH.510050,10:35:25.052,2.995,300
20240207,SH.510050,10:35:24.235,2.995,1000
20240207,SH.510050,10:35:32.227,2.996,400
20240207,SH.510050,10:35:30.606,2.996,100
20240207,SH.510050,10:35:31.245,2.996,1000
20240207,SH.510050,10:35:35.046,2.996,1200
20240207,SH.510050,10:35:37.687,2.995,900
20240207,SH.510050,10:35:39.953,2.995,200
20240207,SH.510050,10:35:40.785,2.995,1000
20240207,SH.510050,10:35:39.562,2.995,500
20240207,SH.510050,10:35:42.947,2.994,1500
20240207,SH.510050,10:35:50.886,2.995,1500
20240207,SH.510050,10:35:50.924,2.995,500
20240207,SH.510050,10:35:48.530,2.994,5000
20240207,SH.510050,10:35:49.552,2.995,200
20240207,SH.510050,10:35:48.110,2.995,900
20240207,SH.510050,10:35:56.289,2.997,200
20240207,SH.510050,10:35:56.622,2.996,4000
20240207,SH.510050,10:36:02.300,2.997,700
20240207,SH.510050,10:36:00.908,2.997,2000
20240207,SH.510050,10:36:01.620,2.997,1500
20240207,SH.510050,10:36:04.828,2.997,4000
20240207,SH.510050,10:36:11.208,2.996,400
20240207,SH.510050,10:36:14.036,2.997,400
20240207,SH.510050,10:36:16.949,2.997,600
20240207,SH.510050,10:36:19.625,2.997,1500
20240207,SH.510050,10:36:20.874,2.998,2000
20240207,SH.510050,10:36:19.578,2.997,2000
20240207,SH.510050,10:36:23.769,2.998,400
20240207,SH.510050,10:36:24.779,2.998,300
20240207,SH.510050,10:36:27.662,2.997,3000
20240207,SH.510050,10:36:32.419,2.997,1500
20240207,SH.510050,10:36:34.442,2.996,1000
20240207,SH.510050,10:36:37.407,2.996,600
20240207,SH.510050,10:36:41.261,2.997,600
20240207,SH.510050,10:36:39.386,2.997,1000
20240207,SH.510050,10:36:43.760,2.996,500
20240207,SH.510050,10:36:42.479,2.997,500
20240207,SH.510050,10:36:46.650,2.997,2500
20240207,SH.510050,10:36:50.270,2.997,5000
20240207,SH.510050,10:36:50.394,2.996,800
20240207,SH.510050,10:36:50.378,2.996,400
20240207,SH.510050,10:36:58.751,2.997,400
20240207,SH.510050,10:36:59.130,2.997,200
20240207,SH.510050,10:36:57.742,2.996,400
20240207,SH.510050,10:36:59.003,2.996,400
20240207,SH.510050,10:36:59.593,2.996,900
20240207,SH.510050,10:37:01.856,2.996,300
20240207,SH.510050,10:37:04.515,2.995,1100
20240207,SH.510050,10:37:05.336,2.996,900
20240207,SH.510050,10:37:08.256,2.996,700
20240207,SH.510050,10:37:10.760,2.996,800
20240207,SH.510050,10:37:09.557,2.995,400
20240207,SH.510050,10:37:19.691,2.994,2400
20240207,SH.510050,10:37:23.130,2.996,200
20240207,SH.510050,10:37:21.840,2.995,300
20240207,SH.510050,10:37:22.995,2.996,400
20240207,SH.510050,10:37:22.000,2.995,200
20240207,SH.510050,10:37:26.389,2.996,1500
20240207,SH.510050,10:37:24.705,2.996,5000
20240207,SH.510050,10:37:26.159,2.997,1300
20240207,SH.510050,10:37:26.084,2.997,2000
20240207,SH.510050,10:37:24.342,2.997,600
20240207,SH.510050,10:37:29.206,2.997,600
20240207,SH.510050,10:37:30.458,2.998,200
20240207,SH.510050,10:37:35.359,2.998,5000
20240207,SH.510050,10:37:39.810,2.995,1000
20240207,SH.510050,10:37:40.495,2.995,300
20240207,SH.510050,10:37:43.481,2.996,600
20240207,SH.510050,10:37:44.915,2.997,900
20240207,SH.510050,10:37:47.728,2.994,100
20240207,SH.510050,10:37:51.563,2.993,400
20240207,SH.510050,10:37:53.121,2.993,1800
20240207,SH.510050,10:37:54.481,2.994,1500
20240207,SH.510050,10:37:56.905,2.993,1500
20240207,SH.510050,10:37:57.195,2.994,300
20240207,SH.510050,10:37:58.238,2.993,3000
20240207,SH.510050,10:38:01.041,2.992,1300
20240207,SH.510050,10:38:02.982,2.992,900
20240207,SH.510050,10:38:06.602,2.992,700
20240207,SH.510050,10:38:09.027,2.992,3000
20240207,SH.510050,10:38:10.404,2.993,200
20240207,SH.510050,10:38:13.143,2.994,1500
20240207,SH.510050,10:38:16.471,2.993,600
20240207,SH.510050,10:38:17.545,2.992,500
20240207,SH.510050,10:38:18.336,2.991,400
20240207,SH.510050,10:38:23.592,2.99,100
20240207,SH.510050,10:38:23.146,2.99,200
20240207,SH.510050,10:38:25.761,2.99,400
20240207,SH.510050,10:38:28.910,2.99,2000
20240207,SH.510050,10:38:31.238,2.988,100
20240207,SH.510050,10:38:31.559,2.988,200
20240207,SH.510050,10:38:30.870,2.988,300
20240207,SH.510050,10:38:33.550,2.987,500
20240207,SH.510050,10:38:38.792,2.989,400
20240207,SH.510050,10:38:38.025,2.989,500
20240207,SH.510050,10:38:41.057,2.988,1000
20240207,SH.510050,10:38:44.266,2.989,3000
20240207,SH.510050,10:38:44.482,2.99,1000
20240207,SH.510050,10:38:47.058,2.988,1300
20240207,SH.510050,10:38:45.981,2.988,400
20240207,SH.510050,10:38:49.169,2.987,600
20240207,SH.510050,10:39:02.816,2.986,1000
20240207,SH.510050,10:39:08.642,2.986,1200
20240207,SH.510050,10:39:06.976,2.987,300
20240207,SH.510050,10:39:09.802,2.986,400
20240207,SH.510050,10:39:11.260,2.987,300
20240207,SH.510050,10:39:13.098,2.985,100
20240207,SH.510050,10:39:14.722,2.986,400
20240207,SH.510050,10:39:15.071,2.984,800
20240207,SH.510050,10:39:18.177,2.985,1500
20240207,SH.510050,10:39:21.212,2.987,2000
20240207,SH.510050,10:39:22.823,2.986,300
20240207,SH.510050,10:39:25.014,2.986,400
20240207,SH.510050,10:39:25.755,2.987,1000
20240207,SH.510050,10:39:28.552,2.986,400
20240207,SH.510050,10:39:27.891,2.986,3000
20240207,SH.510050,10:39:35.995,2.985,400
20240207,SH.510050,10:39:33.240,2.985,200
20240207,SH.510050,10:39:34.064,2.985,300
20240207,SH.510050,10:39:35.540,2.986,200
20240207,SH.510050,10:39:36.341,2.986,400
20240207,SH.510050,10:39:36.402,2.986,900
20240207,SH.510050,10:39:38.365,2.986,1000
20240207,SH.510050,10:39:36.720,2.986,600
20240207,SH.510050,10:39:41.954,2.987,3000
20240207,SH.510050,10:39:41.295,2.986,2000
20240207,SH.510050,10:39:39.861,2.986,1000
20240207,SH.510050,10:39:39.955,2.987,700
