date,symbol,time_str,side,price,quantity,order_type
20240207,SH.510050,09:30:00.762,sell,2.95,1500,market
20240207,SH.510050,09:30:02.833,buy,2.943,500,stop
20240207,SH.510050,09:30:02.278,buy,2.94,1500,stop
20240207,SH.510050,09:30:02.046,buy,2.945,4000,limit
20240207,SH.510050,09:30:01.050,sell,2.955,2500,limit
20240207,SH.510050,09:30:02.293,buy,2.953,1200,market
20240207,SH.510050,09:30:02.868,buy,2.952,1000,market
20240207,SH.510050,09:30:02.959,buy,2.946,600,limit
20240207,SH.510050,09:30:05.995,buy,2.947,300,limit
20240207,SH.510050,09:30:03.035,buy,2.946,2000,limit
20240207,SH.510050,09:30:03.749,buy,2.947,100,limit
20240207,SH.510050,09:30:04.959,sell,2.95,900,market
20240207,SH.510050,09:30:07.041,buy,2.947,100,limit
20240207,SH.510050,09:30:06.738,buy,2.95,200,market
20240207,SH.510050,09:30:08.632,buy,2.947,300,limit
20240207,SH.510050,09:30:06.667,sell,2.951,1500,limit
20240207,SH.510050,09:30:11.833,sell,2.955,800,limit
20240207,SH.510050,09:30:11.373,sell,2.949,1200,market
20240207,SH.510050,09:30:10.402,buy,2.948,400,limit
20240207,SH.510050,09:30:09.712,buy,2.951,3000,market
20240207,SH.510050,09:30:11.943,buy,2.948,200,limit
20240207,SH.510050,09:30:10.424,sell,2.951,500,limit
20240207,SH.510050,09:30:11.713,sell,2.949,1000,market
20240207,SH.510050,09:30:11.712,sell,2.952,1000,limit
20240207,SH.510050,09:30:12.075,sell,2.953,1500,limit
20240207,SH.510050,09:30:13.567,buy,2.953,5000,market
20240207,SH.510050,09:30:12.893,sell,2.953,1500,limit
20240207,SH.510050,09:30:13.145,sell,2.956,2500,limit
20240207,SH.510050,09:30:12.328,buy,2.951,200,market
20240207,SH.510050,09:30:12.942,buy,2.951,300,market
20240207,SH.510050,09:30:14.275,sell,2.952,1000,limit
20240207,SH.510050,09:30:12.418,buy,2.946,4000,limit
20240207,SH.510050,09:30:15.586,buy,2.945,3000,limit
20240207,SH.510050,09:30:17.311,sell,2.953,300,limit
20240207,SH.510050,09:30:16.576,buy,2.952,1000,market
20240207,SH.510050,09:30:17.669,buy,2.946,200,limit
20240207,SH.510050,09:30:17.259,buy,2.944,100,limit
20240207,SH.510050,09:30:18.507,sell,2.955,400,limit
20240207,SH.510050,09:30:18.196,buy,2.946,200,limit
20240207,SH.510050,09:30:19.728,buy,2.95,1000,market
20240207,SH.510050,09:30:21.936,sell,2.952,2500,limit
20240207,SH.510050,09:30:22.751,buy,2.952,1500,market
20240207,SH.510050,09:30:21.085,buy,2.947,1000,limit
20240207,SH.510050,09:30:23.137,buy,2.948,2500,limit
20240207,SH.510050,09:30:23.624,buy,2.945,600,limit
20240207,SH.510050,09:30:24.361,buy,2.953,800,market
20240207,SH.510050,09:30:25.861,buy,2.947,400,limit
20240207,SH.510050,09:30:26.376,buy,2.947,800,limit
20240207,SH.510050,09:30:26.164,buy,2.945,2500,limit
20240207,SH.510050,09:30:24.574,sell,2.952,600,limit
20240207,SH.510050,09:30:29.302,sell,2.955,2000,limit
20240207,SH.510050,09:30:28.585,buy,2.949,5000,limit
20240207,SH.510050,09:30:28.462,sell,2.956,600,limit
20240207,SH.510050,09:30:28.027,buy,2.954,3000,market
20240207,SH.510050,09:30:29.726,sell,2.955,300,limit
20240207,SH.510050,09:30:30.730,buy,2.949,4000,limit
20240207,SH.510050,09:30:32.530,sell,2.957,600,limit
20240207,SH.510050,09:30:31.259,sell,2.957,600,limit
20240207,SH.510050,09:30:30.695,buy,2.953,2000,market
20240207,SH.510050,09:30:31.549,sell,2.951,200,market
20240207,SH.510050,09:30:32.062,sell,2.956,4000,limit
20240207,SH.510050,09:30:30.981,sell,2.952,200,market
20240207,SH.510050,09:30:34.618,buy,2.954,1200,market
20240207,SH.510050,09:30:35.850,sell,2.954,1500,limit
20240207,SH.510050,09:30:35.463,buy,2.95,400,limit
20240207,SH.510050,09:30:33.650,sell,2.956,1000,limit
20240207,SH.510050,09:30:33.324,sell,2.957,500,limit
20240207,SH.510050,09:30:34.872,sell,2.95,1500,market
20240207,SH.510050,09:30:33.117,buy,2.95,1500,limit
20240207,SH.510050,09:30:34.500,buy,2.941,100,stop
20240207,SH.510050,09:30:36.341,buy,2.953,1500,market
20240207,SH.510050,09:30:38.396,buy,2.936,2000,stop
20240207,SH.510050,09:30:37.635,buy,2.948,2000,limit
20240207,SH.510050,09:30:36.241,buy,2.95,400,limit
20240207,SH.510050,09:30:38.295,buy,2.936,200,stop
20240207,SH.510050,09:30:41.402,sell,2.953,900,limit
20240207,SH.510050,09:30:41.328,buy,2.948,1500,limit
20240207,SH.510050,09:30:40.687,sell,2.955,200,limit
20240207,SH.510050,09:30:39.041,sell,2.962,1000,stop
20240207,SH.510050,09:30:41.978,buy,2.948,400,limit
20240207,SH.510050,09:30:39.069,sell,2.955,100,limit
20240207,SH.510050,09:30:41.965,sell,2.955,1000,limit
20240207,SH.510050,09:30:44.026,buy,2.948,1200,limit
20240207,SH.510050,09:30:42.937,buy,2.948,900,limit
20240207,SH.510050,09:30:42.390,buy,2.95,800,limit
20240207,SH.510050,09:30:43.704,buy,2.951,3000,limit
20240207,SH.510050,09:30:45.104,sell,2.958,1500,limit
20240207,SH.510050,09:30:47.186,sell,2.958,1000,limit
20240207,SH.510050,09:30:47.111,sell,2.952,600,market
20240207,SH.510050,09:30:46.916,buy,2.948,1500,limit
20240207,SH.510050,09:30:46.463,buy,2.948,2000,limit
20240207,SH.510050,09:30:45.402,buy,2.955,1000,market
20240207,SH.510050,09:30:47.129,sell,2.955,2500,limit
20240207,SH.510050,09:30:50.249,buy,2.955,800,market
20240207,SH.510050,09:30:49.135,sell,2.958,1500,limit
20240207,SH.510050,09:30:49.120,sell,2.96,500,limit
20240207,SH.510050,09:30:51.173,sell,2.959,2000,limit
20240207,SH.510050,09:30:51.830,sell,2.96,1000,stop
20240207,SH.510050,09:30:52.639,sell,2.957,1000,limit
20240207,SH.510050,09:30:52.607,buy,2.956,3000,market
20240207,SH.510050,09:30:55.699,sell,2.969,2500,stop
20240207,SH.510050,09:30:56.960,buy,2.955,100,market
20240207,SH.510050,09:30:56.965,buy,2.956,1000,market
20240207,SH.510050,09:30:57.727,buy,2.952,400,limit
20240207,SH.510050,09:30:59.654,buy,2.949,2500,limit
20240207,SH.510050,09:30:57.904,buy,2.951,300,limit
20240207,SH.510050,09:31:02.343,buy,2.948,5000,limit
20240207,SH.510050,09:31:02.428,buy,2.947,1200,limit
20240207,SH.510050,09:31:02.229,sell,2.957,200,limit
20240207,SH.510050,09:31:01.635,sell,2.956,800,limit
20240207,SH.510050,09:31:00.151,buy,2.953,1000,market
20240207,SH.510050,09:31:02.038,sell,2.958,2500,limit
20240207,SH.510050,09:31:00.056,sell,2.952,1500,market
20240207,SH.510050,09:31:01.436,sell,2.954,2500,limit
20240207,SH.510050,09:31:04.600,buy,2.952,900,market
20240207,SH.510050,09:31:03.471,sell,2.953,2000,limit
20240207,SH.510050,09:31:03.982,sell,2.954,1200,limit
20240207,SH.510050,09:31:03.828,buy,2.946,5000,limit
20240207,SH.510050,09:31:07.498,buy,2.948,1000,limit
20240207,SH.510050,09:31:07.973,buy,2.956,1000,market
20240207,SH.510050,09:31:08.367,sell,2.951,2000,market
20240207,SH.510050,09:31:07.328,buy,2.948,1000,limit
20240207,SH.510050,09:31:08.378,buy,2.949,600,limit
20240207,SH.510050,09:31:06.144,sell,2.958,500,limit
20240207,SH.510050,09:31:10.665,sell,2.962,400,stop
20240207,SH.510050,09:31:10.111,buy,2.952,300,limit
20240207,SH.510050,09:31:11.576,sell,2.952,1500,market
20240207,SH.510050,09:31:09.818,buy,2.95,100,limit
20240207,SH.510050,09:31:09.798,buy,2.948,1200,limit
20240207,SH.510050,09:31:11.624,buy,2.951,5000,limit
20240207,SH.510050,09:31:10.043,sell,2.958,2500,limit
20240207,SH.510050,09:31:11.288,sell,2.957,3000,limit
20240207,SH.510050,09:31:12.702,buy,2.949,5000,limit
20240207,SH.510050,09:31:13.258,buy,2.949,800,limit
20240207,SH.510050,09:31:14.347,buy,2.942,300,stop
20240207,SH.510050,09:31:15.569,buy,2.953,500,market
20240207,SH.510050,09:31:15.243,sell,2.949,1000,market
20240207,SH.510050,09:31:15.701,buy,2.949,1000,limit
20240207,SH.510050,09:31:18.049,buy,2.947,4000,limit
20240207,SH.510050,09:31:18.596,sell,2.967,4000,stop
20240207,SH.510050,09:31:19.100,sell,2.95,300,market
20240207,SH.510050,09:31:21.964,buy,2.953,2500,market
20240207,SH.510050,09:31:23.419,sell,2.957,400,limit
20240207,SH.510050,09:31:21.994,sell,2.952,1500,market
20240207,SH.510050,09:31:22.435,buy,2.953,500,market
20240207,SH.510050,09:31:24.801,sell,2.955,1000,limit
20240207,SH.510050,09:31:26.533,buy,2.95,300,limit
20240207,SH.510050,09:31:26.951,buy,2.949,1000,limit
20240207,SH.510050,09:31:24.150,sell,2.959,2000,limit
20240207,SH.510050,09:31:27.388,buy,2.954,600,market
20240207,SH.510050,09:31:27.265,sell,2.956,200,limit
20240207,SH.510050,09:31:29.434,buy,2.949,200,limit
20240207,SH.510050,09:31:27.834,buy,2.948,1500,limit
20240207,SH.510050,09:31:28.790,buy,2.948,900,limit
20240207,SH.510050,09:31:27.001,sell,2.958,800,limit
20240207,SH.510050,09:31:27.456,sell,2.96,300,stop
20240207,SH.510050,09:31:27.908,buy,2.954,200,market
20240207,SH.510050,09:31:31.873,buy,2.954,600,market
20240207,SH.510050,09:31:30.741,sell,2.954,600,limit
20240207,SH.510050,09:31:31.838,sell,2.955,200,limit
20240207,SH.510050,09:31:32.516,sell,2.955,200,limit
20240207,SH.510050,09:31:31.147,sell,2.968,1200,stop
20240207,SH.510050,09:31:35.827,sell,2.955,300,limit
20240207,SH.510050,09:31:35.527,buy,2.95,1200,limit
20240207,SH.510050,09:31:35.387,buy,2.951,3000,limit
20240207,SH.510050,09:31:33.663,buy,2.949,1200,limit
20240207,SH.510050,09:31:35.838,buy,2.939,200,stop
20240207,SH.510050,09:31:36.473,buy,2.955,100,market
20240207,SH.510050,09:31:37.188,sell,2.97,3000,stop
20240207,SH.510050,09:31:36.080,sell,2.958,1000,limit
20240207,SH.510050,09:31:36.385,sell,2.959,400,limit
20240207,SH.510050,09:31:37.315,buy,2.951,4000,limit
20240207,SH.510050,09:31:39.051,buy,2.949,400,limit
20240207,SH.510050,09:31:40.952,buy,2.951,900,limit
20240207,SH.510050,09:31:41.196,sell,2.958,1200,limit
20240207,SH.510050,09:31:41.549,sell,2.953,500,market
20240207,SH.510050,09:31:39.292,sell,2.957,500,limit
20240207,SH.510050,09:31:42.005,sell,2.957,5000,limit
20240207,SH.510050,09:31:43.512,buy,2.947,1500,limit
20240207,SH.510050,09:31:43.005,sell,2.955,400,limit
20240207,SH.510050,09:31:42.328,buy,2.949,600,limit
20240207,SH.510050,09:31:42.873,sell,2.953,400,limit
20240207,SH.510050,09:31:44.452,buy,2.954,800,market
20240207,SH.510050,09:31:42.855,buy,2.947,1500,limit
20240207,SH.510050,09:31:44.979,sell,2.95,300,market
20240207,SH.510050,09:31:47.583,buy,2.948,300,limit
20240207,SH.510050,09:31:45.435,sell,2.957,600,limit
20240207,SH.510050,09:31:47.758,sell,2.954,200,limit
20240207,SH.510050,09:31:45.715,sell,2.95,400,market
20240207,SH.510050,09:31:49.524,buy,2.948,200,limit
20240207,SH.510050,09:31:49.727,buy,2.95,300,limit
20240207,SH.510050,09:31:48.405,buy,2.954,1000,market
20240207,SH.510050,09:31:48.662,buy,2.949,1500,limit
20240207,SH.510050,09:31:48.880,buy,2.947,200,limit
20240207,SH.510050,09:31:52.253,sell,2.956,100,limit
20240207,SH.510050,09:31:51.357,buy,2.947,2000,limit
20240207,SH.510050,09:31:52.857,sell,2.956,100,limit
20240207,SH.510050,09:31:53.750,buy,2.947,500,limit
20240207,SH.510050,09:31:52.977,buy,2.948,600,limit
20240207,SH.510050,09:31:53.786,sell,2.956,300,limit
20240207,SH.510050,09:31:51.983,sell,2.958,600,limit
20240207,SH.510050,09:31:51.454,buy,2.955,1000,market
20240207,SH.510050,09:31:55.852,buy,2.948,300,limit
20240207,SH.510050,09:31:55.353,buy,2.952,300,market
20240207,SH.510050,09:31:54.402,sell,2.951,200,market
20240207,SH.510050,09:31:55.481,sell,2.955,2500,limit
20240207,SH.510050,09:31:54.094,sell,2.95,1000,market
20240207,SH.510050,09:31:55.341,sell,2.953,300,limit
20240207,SH.510050,09:31:59.052,sell,2.956,300,limit
20240207,SH.510050,09:31:57.611,buy,2.947,200,limit
20240207,SH.510050,09:31:57.546,buy,2.953,1000,market
20240207,SH.510050,09:32:00.505,buy,2.948,400,limit
20240207,SH.510050,09:32:01.047,sell,2.958,800,limit
20240207,SH.510050,09:32:00.223,sell,2.95,300,market
20240207,SH.510050,09:32:02.976,sell,2.957,500,limit
20240207,SH.510050,09:32:05.525,buy,2.951,1500,limit
20240207,SH.510050,09:32:05.853,buy,2.949,1000,limit
20240207,SH.510050,09:32:05.388,buy,2.951,1000,limit
20240207,SH.510050,09:32:03.622,sell,2.957,200,limit
20240207,SH.510050,09:32:07.716,buy,2.952,500,limit
20240207,SH.510050,09:32:08.690,sell,2.958,300,limit
20240207,SH.510050,09:32:07.079,sell,2.959,900,limit
20240207,SH.510050,09:32:07.232,sell,2.951,5000,market
20240207,SH.510050,09:32:11.862,buy,2.955,2000,market
20240207,SH.510050,09:32:09.395,sell,2.951,200,market
20240207,SH.510050,09:32:09.642,buy,2.95,1500,limit
20240207,SH.510050,09:32:11.992,sell,2.955,1000,limit
20240207,SH.510050,09:32:09.625,sell,2.951,4000,market
20240207,SH.510050,09:32:11.486,sell,2.957,3000,limit
20240207,SH.510050,09:32:13.314,buy,2.95,1000,limit
20240207,SH.510050,09:32:14.334,buy,2.949,4000,limit
20240207,SH.510050,09:32:13.611,sell,2.959,1000,limit
20240207,SH.510050,09:32:14.116,buy,2.952,1000,limit
20240207,SH.510050,09:32:12.069,buy,2.951,300,limit
20240207,SH.510050,09:32:16.570,buy,2.958,600,market
20240207,SH.510050,09:32:16.142,buy,2.953,600,limit
20240207,SH.510050,09:32:17.128,buy,2.95,1000,limit
20240207,SH.510050,09:32:18.407,sell,2.954,900,market
20240207,SH.510050,09:32:18.076,buy,2.957,600,market
20240207,SH.510050,09:32:20.254,buy,2.951,1000,limit
20240207,SH.510050,09:32:21.576,buy,2.948,2000,limit
20240207,SH.510050,09:32:22.437,buy,2.951,900,limit
20240207,SH.510050,09:32:23.365,sell,2.952,4000,market
20240207,SH.510050,09:32:23.724,buy,2.956,200,market
20240207,SH.510050,09:32:26.056,buy,2.949,600,limit
20240207,SH.510050,09:32:24.162,buy,2.949,200,limit
20240207,SH.510050,09:32:26.811,sell,2.955,600,limit
20240207,SH.510050,09:32:28.553,sell,2.952,4000,market
20240207,SH.510050,09:32:27.128,sell,2.958,500,limit
20240207,SH.510050,09:32:29.336,buy,2.951,5000,limit
20240207,SH.510050,09:32:32.144,buy,2.949,400,limit
20240207,SH.510050,09:32:30.462,sell,2.959,100,limit
20240207,SH.510050,09:32:30.753,sell,2.954,1000,market
20240207,SH.510050,09:32:30.168,buy,2.939,300,stop
20240207,SH.510050,09:32:35.952,sell,2.953,2500,market
20240207,SH.510050,09:32:35.728,sell,2.955,1000,market
20240207,SH.510050,09:32:33.837,sell,2.957,900,limit
20240207,SH.510050,09:32:33.708,buy,2.958,1500,market
20240207,SH.510050,09:32:34.951,sell,2.959,4000,limit
20240207,SH.510050,09:32:34.953,buy,2.954,1000,limit
20240207,SH.510050,09:32:34.356,sell,2.954,500,market
20240207,SH.510050,09:32:38.753,buy,2.951,900,limit
20240207,SH.510050,09:32:37.377,buy,2.952,2000,limit
20240207,SH.510050,09:32:38.962,buy,2.95,600,limit
20240207,SH.510050,09:32:38.868,sell,2.953,300,market
20240207,SH.510050,09:32:38.731,sell,2.959,600,limit
20240207,SH.510050,09:32:40.935,sell,2.96,300,limit
20240207,SH.510050,09:32:39.443,sell,2.958,300,limit
20240207,SH.510050,09:32:40.236,sell,2.97,300,stop
20240207,SH.510050,09:32:40.864,sell,2.957,300,limit
20240207,SH.510050,09:32:41.342,sell,2.953,100,market
20240207,SH.510050,09:32:43.270,buy,2.955,1000,market
20240207,SH.510050,09:32:42.656,buy,2.949,100,limit
20240207,SH.510050,09:32:42.847,buy,2.953,900,limit
20240207,SH.510050,09:32:43.314,buy,2.948,1200,stop
20240207,SH.510050,09:32:42.191,sell,2.958,1500,limit
20240207,SH.510050,09:32:44.552,sell,2.954,400,market
20240207,SH.510050,09:32:45.917,buy,2.952,200,limit
20240207,SH.510050,09:32:45.547,sell,2.957,100,limit
20240207,SH.510050,09:32:47.721,buy,2.952,4000,limit
20240207,SH.510050,09:32:47.445,buy,2.953,600,limit
20240207,SH.510050,09:32:46.062,buy,2.949,900,limit
20240207,SH.510050,09:32:47.421,sell,2.954,1000,market
20240207,SH.510050,09:32:46.835,buy,2.951,2500,limit
20240207,SH.510050,09:32:46.680,buy,2.953,3000,limit
20240207,SH.510050,09:32:49.263,buy,2.957,1500,market
20240207,SH.510050,09:32:49.944,sell,2.952,1000,market
20240207,SH.510050,09:32:50.747,buy,2.953,5000,limit
20240207,SH.510050,09:32:53.549,buy,2.954,4000,market
20240207,SH.510050,09:32:51.618,sell,2.958,400,limit
20240207,SH.510050,09:32:51.391,sell,2.959,500,limit
20240207,SH.510050,09:32:54.943,buy,2.955,300,market
20240207,SH.510050,09:32:55.800,sell,2.956,200,limit
20240207,SH.510050,09:32:54.990,sell,2.962,300,stop
20240207,SH.510050,09:32:55.804,buy,2.952,4000,limit
20240207,SH.510050,09:32:55.720,buy,2.954,1000,market
20240207,SH.510050,09:32:55.656,sell,2.951,300,market
20240207,SH.510050,09:32:56.839,buy,2.949,1000,limit
20240207,SH.510050,09:32:58.510,sell,2.952,5000,market
20240207,SH.510050,09:32:59.485,sell,2.956,500,limit
20240207,SH.510050,09:32:57.945,buy,2.944,5000,stop
20240207,SH.510050,09:32:58.281,sell,2.952,900,market
20240207,SH.510050,09:32:58.840,sell,2.952,900,market
20240207,SH.510050,09:32:58.980,buy,2.949,300,limit
20240207,SH.510050,09:33:02.433,sell,2.956,1000,limit
20240207,SH.510050,09:33:02.516,buy,2.955,1500,market
20240207,SH.510050,09:33:00.116,sell,2.953,800,market
20240207,SH.510050,09:33:02.155,sell,2.953,800,market
20240207,SH.510050,09:33:01.911,buy,2.954,600,market
20240207,SH.510050,09:33:02.675,sell,2.952,200,market
20240207,SH.510050,09:33:02.848,sell,2.957,400,limit
20240207,SH.510050,09:33:00.412,sell,2.953,300,market
20240207,SH.510050,09:33:04.013,buy,2.951,1000,limit
20240207,SH.510050,09:33:03.169,sell,2.958,200,limit
20240207,SH.510050,09:33:04.108,buy,2.949,1000,limit
20240207,SH.510050,09:33:05.542,buy,2.955,600,market
20240207,SH.510050,09:33:05.714,buy,2.955,2500,market
20240207,SH.510050,09:33:05.888,buy,2.949,400,limit
20240207,SH.510050,09:33:03.021,buy,2.951,1500,limit
20240207,SH.510050,09:33:08.687,buy,2.949,1500,limit
20240207,SH.510050,09:33:07.268,sell,2.959,800,stop
20240207,SH.510050,09:33:06.182,buy,2.946,1500,limit
20240207,SH.510050,09:33:08.540,buy,2.954,500,market
20240207,SH.510050,09:33:07.890,sell,2.95,600,market
20240207,SH.510050,09:33:06.579,buy,2.949,3000,limit
20240207,SH.510050,09:33:09.393,sell,2.95,3000,market
20240207,SH.510050,09:33:10.497,buy,2.95,200,limit
20240207,SH.510050,09:33:10.659,buy,2.949,800,limit
20240207,SH.510050,09:33:09.598,sell,2.957,100,limit
20240207,SH.510050,09:33:10.030,sell,2.954,200,limit
20240207,SH.510050,09:33:09.880,sell,2.951,2000,market
20240207,SH.510050,09:33:11.407,sell,2.954,800,limit
20240207,SH.510050,09:33:13.800,sell,2.952,300,market
20240207,SH.510050,09:33:12.371,buy,2.953,600,market
20240207,SH.510050,09:33:12.471,buy,2.953,2000,market
20240207,SH.510050,09:33:14.017,sell,2.951,400,market
20240207,SH.510050,09:33:13.045,buy,2.948,900,limit
20240207,SH.510050,09:33:12.618,sell,2.965,1000,stop
20240207,SH.510050,09:33:12.111,sell,2.95,600,market
20240207,SH.510050,09:33:12.051,buy,2.95,800,limit
20240207,SH.510050,09:33:17.155,buy,2.948,900,limit
20240207,SH.510050,09:33:17.260,sell,2.959,300,limit
20240207,SH.510050,09:33:16.644,buy,2.955,3000,market
20240207,SH.510050,09:33:17.518,sell,2.957,600,limit
20240207,SH.510050,09:33:16.226,sell,2.956,200,limit
20240207,SH.510050,09:33:16.115,sell,2.958,5000,limit
20240207,SH.510050,09:33:17.706,buy,2.952,1000,limit
20240207,SH.510050,09:33:19.967,buy,2.947,400,limit
20240207,SH.510050,09:33:20.441,sell,2.949,300,market
20240207,SH.510050,09:33:18.892,buy,2.949,1000,limit
20240207,SH.510050,09:33:18.577,sell,2.953,100,limit
20240207,SH.510050,09:33:18.493,buy,2.952,1500,market
20240207,SH.510050,09:33:19.562,buy,2.948,500,limit
20240207,SH.510050,09:33:23.218,buy,2.948,400,limit
20240207,SH.510050,09:33:21.525,sell,2.95,300,market
20240207,SH.510050,09:33:23.944,buy,2.948,1000,limit
20240207,SH.510050,09:33:25.671,sell,2.95,1000,market
20240207,SH.510050,09:33:25.819,sell,2.95,900,market
20240207,SH.510050,09:33:25.699,sell,2.95,900,market
20240207,SH.510050,09:33:26.310,sell,2.954,3000,limit
20240207,SH.510050,09:33:24.008,buy,2.946,900,limit
20240207,SH.510050,09:33:26.402,buy,2.946,1000,limit
20240207,SH.510050,09:33:26.483,buy,2.948,300,limit
20240207,SH.510050,09:33:28.362,sell,2.955,800,limit
20240207,SH.510050,09:33:27.148,sell,2.957,1000,limit
20240207,SH.510050,09:33:29.394,buy,2.947,3000,limit
20240207,SH.510050,09:33:29.610,sell,2.95,5000,market
20240207,SH.510050,09:33:29.500,sell,2.956,900,limit
20240207,SH.510050,09:33:28.609,sell,2.962,200,stop
20240207,SH.510050,09:33:30.635,sell,2.948,200,market
20240207,SH.510050,09:33:32.409,sell,2.956,3000,limit
20240207,SH.510050,09:33:30.367,sell,2.948,600,market
20240207,SH.510050,09:33:32.036,buy,2.953,800,market
20240207,SH.510050,09:33:30.418,buy,2.946,2500,limit
20240207,SH.510050,09:33:32.352,buy,2.949,600,limit
20240207,SH.510050,09:33:35.925,sell,2.955,500,limit
20240207,SH.510050,09:33:33.225,sell,2.962,1500,stop
20240207,SH.510050,09:33:34.297,sell,2.956,1000,limit
20240207,SH.510050,09:33:33.911,buy,2.948,2000,limit
20240207,SH.510050,09:33:36.488,buy,2.953,300,market
20240207,SH.510050,09:33:37.446,sell,2.949,500,market
20240207,SH.510050,09:33:37.432,sell,2.957,600,limit
20240207,SH.510050,09:33:39.363,sell,2.95,2500,market
20240207,SH.510050,09:33:39.567,buy,2.954,500,market
20240207,SH.510050,09:33:39.461,sell,2.957,1500,limit
20240207,SH.510050,09:33:41.324,buy,2.948,600,limit
20240207,SH.510050,09:33:42.992,buy,2.952,2500,limit
20240207,SH.510050,09:33:44.895,sell,2.951,400,market
20240207,SH.510050,09:33:42.650,buy,2.95,2000,limit
20240207,SH.510050,09:33:44.711,sell,2.958,400,limit
20240207,SH.510050,09:33:44.694,buy,2.949,400,limit
20240207,SH.510050,09:33:46.506,sell,2.958,1000,limit
20240207,SH.510050,09:33:47.390,buy,2.954,4000,market
20240207,SH.510050,09:33:45.329,buy,2.952,5000,limit
20240207,SH.510050,09:33:47.204,buy,2.951,400,limit
20240207,SH.510050,09:33:47.186,sell,2.952,1200,market
20240207,SH.510050,09:33:47.919,sell,2.958,3000,limit
20240207,SH.510050,09:33:46.349,sell,2.958,400,limit
20240207,SH.510050,09:33:48.593,sell,2.955,600,limit
20240207,SH.510050,09:33:50.923,sell,2.957,200,limit
20240207,SH.510050,09:33:49.009,buy,2.956,200,market
20240207,SH.510050,09:33:50.877,buy,2.955,1200,market
20240207,SH.510050,09:33:50.224,sell,2.959,5000,limit
20240207,SH.510050,09:33:49.990,buy,2.951,600,limit
20240207,SH.510050,09:33:50.662,sell,2.958,2500,limit
20240207,SH.510050,09:33:52.956,buy,2.954,1000,market
20240207,SH.510050,09:33:51.463,buy,2.941,2500,stop
20240207,SH.510050,09:33:52.419,sell,2.956,1500,limit
20240207,SH.510050,09:33:52.299,buy,2.95,1000,limit
20240207,SH.510050,09:33:55.716,sell,2.959,2000,limit
20240207,SH.510050,09:33:56.839,sell,2.96,900,limit
20240207,SH.510050,09:33:55.578,buy,2.939,5000,stop
20240207,SH.510050,09:33:54.366,sell,2.954,2000,market
20240207,SH.510050,09:33:59.427,sell,2.952,800,market
20240207,SH.510050,09:33:59.577,sell,2.956,600,limit
20240207,SH.510050,09:33:58.327,sell,2.958,2500,limit
20240207,SH.510050,09:33:59.794,sell,2.958,2000,limit
20240207,SH.510050,09:33:57.040,buy,2.95,200,limit
20240207,SH.510050,09:33:58.516,buy,2.95,200,limit
20240207,SH.510050,09:34:01.957,buy,2.947,200,limit
20240207,SH.510050,09:34:01.788,buy,2.948,1000,limit
20240207,SH.510050,09:34:00.149,buy,2.953,400,market
20240207,SH.510050,09:34:02.002,buy,2.953,5000,market
20240207,SH.510050,09:34:03.627,sell,2.954,1000,limit
20240207,SH.510050,09:34:05.894,sell,2.957,500,limit
20240207,SH.510050,09:34:04.741,sell,2.957,2000,limit
20240207,SH.510050,09:34:05.022,sell,2.952,1500,market
20240207,SH.510050,09:34:06.690,sell,2.958,300,limit
20240207,SH.510050,09:34:08.042,buy,2.954,200,market
20240207,SH.510050,09:34:07.064,buy,2.951,500,limit
20240207,SH.510050,09:34:10.648,sell,2.956,2000,limit
20240207,SH.510050,09:34:11.638,sell,2.958,500,limit
20240207,SH.510050,09:34:09.642,sell,2.95,4000,market
20240207,SH.510050,09:34:11.381,buy,2.95,1000,limit
20240207,SH.510050,09:34:13.346,sell,2.966,4000,stop
20240207,SH.510050,09:34:12.280,buy,2.952,1500,market
20240207,SH.510050,09:34:12.921,buy,2.946,1000,limit
20240207,SH.510050,09:34:13.870,buy,2.947,1000,limit
20240207,SH.510050,09:34:16.326,buy,2.947,600,limit
20240207,SH.510050,09:34:15.747,sell,2.949,1500,market
20240207,SH.510050,09:34:15.171,sell,2.949,300,market
20240207,SH.510050,09:34:17.545,buy,2.945,300,limit
20240207,SH.510050,09:34:15.697,sell,2.948,1000,market
20240207,SH.510050,09:34:15.899,sell,2.96,5000,stop
20240207,SH.510050,09:34:19.409,sell,2.953,4000,limit
20240207,SH.510050,09:34:20.331,buy,2.95,2500,market
20240207,SH.510050,09:34:18.858,buy,2.95,900,market
20240207,SH.510050,09:34:19.756,buy,2.95,300,market
20240207,SH.510050,09:34:20.534,buy,2.948,2000,market
20240207,SH.510050,09:34:18.201,sell,2.951,200,limit
20240207,SH.510050,09:34:20.662,buy,2.943,300,limit
20240207,SH.510050,09:34:18.452,buy,2.942,3000,limit
20240207,SH.510050,09:34:21.241,buy,2.942,200,limit
20240207,SH.510050,09:34:21.906,buy,2.938,1500,stop
20240207,SH.510050,09:34:22.969,sell,2.949,1000,limit
20240207,SH.510050,09:34:21.205,sell,2.949,5000,limit
20240207,SH.510050,09:34:21.650,sell,2.944,4000,market
20240207,SH.510050,09:34:22.134,sell,2.945,500,market
20240207,SH.510050,09:34:24.958,buy,2.942,200,limit
20240207,SH.510050,09:34:24.803,buy,2.943,200,limit
20240207,SH.510050,09:34:25.623,buy,2.939,300,limit
20240207,SH.510050,09:34:26.165,sell,2.947,3000,limit
20240207,SH.510050,09:34:28.863,sell,2.946,500,limit
20240207,SH.510050,09:34:27.153,sell,2.945,1200,limit
20240207,SH.510050,09:34:27.617,buy,2.945,200,market
20240207,SH.510050,09:34:29.454,sell,2.942,3000,market
20240207,SH.510050,09:34:28.971,buy,2.944,800,market
20240207,SH.510050,09:34:28.706,buy,2.93,1500,stop
20240207,SH.510050,09:34:28.691,buy,2.946,200,market
20240207,SH.510050,09:34:28.260,buy,2.94,2000,limit
20240207,SH.510050,09:34:30.340,sell,2.942,100,market
20240207,SH.510050,09:34:30.818,sell,2.946,1000,limit
20240207,SH.510050,09:34:32.672,buy,2.94,300,limit
20240207,SH.510050,09:34:35.344,sell,2.945,1000,limit
20240207,SH.510050,09:34:33.983,buy,2.943,600,market
20240207,SH.510050,09:34:33.153,buy,2.938,1200,limit
20240207,SH.510050,09:34:35.528,sell,2.943,1000,limit
20240207,SH.510050,09:34:33.457,buy,2.941,1500,market
20240207,SH.510050,09:34:33.299,buy,2.943,1500,market
20240207,SH.510050,09:34:33.945,sell,2.942,1200,limit
20240207,SH.510050,09:34:35.746,sell,2.939,1000,market
20240207,SH.510050,09:34:38.958,sell,2.938,900,market
20240207,SH.510050,09:34:36.268,buy,2.942,300,market
20240207,SH.510050,09:34:38.913,buy,2.94,200,market
20240207,SH.510050,09:34:36.972,buy,2.934,200,limit
20240207,SH.510050,09:34:36.597,sell,2.939,600,market
20240207,SH.510050,09:34:36.303,sell,2.937,500,market
20240207,SH.510050,09:34:40.798,buy,2.935,3000,limit
20240207,SH.510050,09:34:41.404,sell,2.939,2000,market
20240207,SH.510050,09:34:39.187,sell,2.938,1500,market
20240207,SH.510050,09:34:41.460,sell,2.938,400,market
20240207,SH.510050,09:34:41.974,sell,2.938,2000,market
20240207,SH.510050,09:34:42.113,sell,2.943,1500,limit
20240207,SH.510050,09:34:44.967,buy,2.94,1000,market
20240207,SH.510050,09:34:42.213,buy,2.938,2500,limit
20240207,SH.510050,09:34:44.775,buy,2.935,500,limit
20240207,SH.510050,09:34:42.092,buy,2.935,3000,limit
20240207,SH.510050,09:34:42.963,buy,2.942,2000,market
20240207,SH.510050,09:34:42.418,sell,2.941,3000,limit
20240207,SH.510050,09:34:42.695,sell,2.942,2000,limit
20240207,SH.510050,09:34:46.759,sell,2.944,2000,limit
20240207,SH.510050,09:34:45.535,buy,2.935,600,limit
20240207,SH.510050,09:34:47.273,buy,2.937,500,limit
20240207,SH.510050,09:34:49.244,buy,2.944,600,market
20240207,SH.510050,09:34:49.254,buy,2.944,900,market
20240207,SH.510050,09:34:50.047,sell,2.946,500,limit
20240207,SH.510050,09:34:52.879,buy,2.935,2000,limit
20240207,SH.510050,09:34:52.489,sell,2.946,500,limit
20240207,SH.510050,09:34:52.037,sell,2.938,1000,market
20240207,SH.510050,09:34:52.189,sell,2.945,1000,limit
20240207,SH.510050,09:34:51.472,buy,2.936,600,limit
20240207,SH.510050,09:34:52.741,sell,2.949,100,stop
20240207,SH.510050,09:34:53.863,sell,2.946,1000,limit
20240207,SH.510050,09:34:54.914,buy,2.936,900,limit
20240207,SH.510050,09:34:54.263,sell,2.947,400,limit
20240207,SH.510050,09:34:54.186,sell,2.953,1000,stop
20240207,SH.510050,09:34:54.361,sell,2.946,200,limit
20240207,SH.510050,09:34:55.801,sell,2.947,4000,limit
20240207,SH.510050,09:34:54.601,sell,2.943,300,limit
20240207,SH.510050,09:34:59.248,sell,2.94,1500,market
20240207,SH.510050,09:34:57.591,buy,2.941,2000,limit
20240207,SH.510050,09:34:58.164,sell,2.947,400,limit
20240207,SH.510050,09:34:59.462,buy,2.945,600,market
20240207,SH.510050,09:35:01.933,sell,2.942,900,market
20240207,SH.510050,09:35:00.166,sell,2.942,300,market
20240207,SH.510050,09:35:00.972,buy,2.935,300,stop
20240207,SH.510050,09:35:02.491,buy,2.937,2000,limit
20240207,SH.510050,09:35:01.466,sell,2.94,400,market
20240207,SH.510050,09:35:02.408,buy,2.943,5000,market
20240207,SH.510050,09:35:00.992,buy,2.934,200,stop
20240207,SH.510050,09:35:02.087,sell,2.944,2000,limit
20240207,SH.510050,09:35:04.409,sell,2.945,1000,limit
20240207,SH.510050,09:35:04.813,buy,2.937,400,limit
20240207,SH.510050,09:35:03.879,buy,2.944,1200,market
20240207,SH.510050,09:35:03.144,sell,2.945,500,limit
20240207,SH.510050,09:35:04.895,sell,2.941,900,market
20240207,SH.510050,09:35:08.556,buy,2.942,1000,limit
20240207,SH.510050,09:35:06.035,sell,2.956,300,stop
20240207,SH.510050,09:35:08.913,buy,2.946,1000,market
20240207,SH.510050,09:35:08.066,sell,2.945,600,limit
20240207,SH.510050,09:35:08.720,sell,2.948,300,limit
20240207,SH.510050,09:35:11.981,buy,2.941,600,limit
20240207,SH.510050,09:35:10.482,sell,2.95,1500,limit
20240207,SH.510050,09:35:09.296,buy,2.941,2000,limit
20240207,SH.510050,09:35:10.332,sell,2.948,100,limit
20240207,SH.510050,09:35:10.304,buy,2.942,500,limit
20240207,SH.510050,09:35:11.076,sell,2.944,1500,market
20240207,SH.510050,09:35:09.635,sell,2.947,4000,limit
20240207,SH.510050,09:35:13.603,sell,2.948,1500,limit
20240207,SH.510050,09:35:14.110,buy,2.941,300,limit
20240207,SH.510050,09:35:14.549,sell,2.95,800,limit
20240207,SH.510050,09:35:14.826,sell,2.948,800,limit
20240207,SH.510050,09:35:14.775,buy,2.946,600,market
20240207,SH.510050,09:35:14.803,buy,2.939,200,limit
20240207,SH.510050,09:35:13.316,buy,2.941,600,limit
20240207,SH.510050,09:35:12.379,buy,2.94,500,limit
20240207,SH.510050,09:35:15.467,sell,2.949,2000,limit
20240207,SH.510050,09:35:15.018,sell,2.946,2000,limit
20240207,SH.510050,09:35:17.274,buy,2.946,400,market
20240207,SH.510050,09:35:18.573,sell,2.943,3000,market
20240207,SH.510050,09:35:18.796,buy,2.94,2500,limit
20240207,SH.510050,09:35:20.922,buy,2.943,2000,limit
20240207,SH.510050,09:35:18.960,sell,2.942,800,market
20240207,SH.510050,09:35:21.787,buy,2.94,200,limit
20240207,SH.510050,09:35:21.253,buy,2.948,1500,market
20240207,SH.510050,09:35:22.020,sell,2.944,1000,market
20240207,SH.510050,09:35:22.546,buy,2.946,600,market
20240207,SH.510050,09:35:25.965,sell,2.961,200,stop
20240207,SH.510050,09:35:25.639,sell,2.948,400,limit
20240207,SH.510050,09:35:26.735,buy,2.945,1000,limit
20240207,SH.510050,09:35:25.027,buy,2.943,200,limit
20240207,SH.510050,09:35:26.229,buy,2.937,4000,stop
20240207,SH.510050,09:35:28.809,buy,2.941,900,limit
20240207,SH.510050,09:35:27.057,buy,2.941,300,limit
20240207,SH.510050,09:35:29.858,buy,2.942,300,limit
20240207,SH.510050,09:35:27.007,buy,2.944,2000,limit
20240207,SH.510050,09:35:27.572,buy,2.949,3000,market
20240207,SH.510050,09:35:28.918,buy,2.941,200,limit
20240207,SH.510050,09:35:32.713,buy,2.94,200,limit
20240207,SH.510050,09:35:31.722,buy,2.948,5000,market
20240207,SH.510050,09:35:30.014,buy,2.943,300,limit
20240207,SH.510050,09:35:32.832,sell,2.947,2000,limit
20240207,SH.510050,09:35:30.345,sell,2.951,4000,limit
20240207,SH.510050,09:35:30.672,sell,2.95,2000,limit
20240207,SH.510050,09:35:31.073,buy,2.943,2000,limit
20240207,SH.510050,09:35:33.823,buy,2.94,2000,limit
20240207,SH.510050,09:35:35.772,sell,2.947,300,limit
20240207,SH.510050,09:35:33.249,sell,2.949,800,limit
20240207,SH.510050,09:35:38.404,sell,2.945,4000,limit
20240207,SH.510050,09:35:37.140,sell,2.947,2500,limit
20240207,SH.510050,09:35:36.860,buy,2.938,5000,limit
20240207,SH.510050,09:35:40.304,buy,2.945,300,market
20240207,SH.510050,09:35:40.702,buy,2.942,300,limit
20240207,SH.510050,09:35:41.669,buy,2.941,500,limit
20240207,SH.510050,09:35:40.966,buy,2.938,300,limit
20240207,SH.510050,09:35:40.965,buy,2.944,1000,market
20240207,SH.510050,09:35:40.209,sell,2.947,2000,limit
20240207,SH.510050,09:35:42.100,buy,2.94,1000,limit
20240207,SH.510050,09:35:44.879,sell,2.946,500,limit
20240207,SH.510050,09:35:43.062,sell,2.941,200,market
20240207,SH.510050,09:35:43.046,sell,2.943,100,market
20240207,SH.510050,09:35:42.734,buy,2.938,1500,limit
20240207,SH.510050,09:35:45.652,buy,2.938,800,limit
20240207,SH.510050,09:35:47.540,buy,2.941,2000,limit
20240207,SH.510050,09:35:47.341,sell,2.944,500,limit
20240207,SH.510050,09:35:49.726,buy,2.938,2500,limit
20240207,SH.510050,09:35:49.140,buy,2.944,800,market
20240207,SH.510050,09:35:48.428,buy,2.942,200,market
20240207,SH.510050,09:35:49.312,sell,2.946,600,limit
20240207,SH.510050,09:35:49.817,buy,2.94,1500,limit
20240207,SH.510050,09:35:48.796,sell,2.946,600,limit
20240207,SH.510050,09:35:50.859,sell,2.946,300,limit
20240207,SH.510050,09:35:49.020,sell,2.943,1500,limit
20240207,SH.510050,09:35:53.505,buy,2.942,1500,market
20240207,SH.510050,09:35:53.343,buy,2.942,1500,market
20240207,SH.510050,09:35:51.692,sell,2.939,2500,market
20240207,SH.510050,09:35:53.278,sell,2.947,1000,limit
20240207,SH.510050,09:35:51.682,sell,2.943,800,limit
20240207,SH.510050,09:35:51.307,sell,2.947,500,limit
20240207,SH.510050,09:35:52.505,buy,2.942,500,market
20240207,SH.510050,09:35:51.217,buy,2.938,1500,limit
20240207,SH.510050,09:35:56.714,buy,2.943,2500,market
20240207,SH.510050,09:35:56.886,buy,2.942,900,market
20240207,SH.510050,09:35:54.513,sell,2.946,1000,limit
20240207,SH.510050,09:35:55.765,buy,2.938,2000,limit
20240207,SH.510050,09:35:55.777,buy,2.937,1000,limit
20240207,SH.510050,09:35:56.504,buy,2.936,500,limit
20240207,SH.510050,09:35:54.684,buy,2.932,300,stop
20240207,SH.510050,09:35:54.613,buy,2.935,2000,limit
20240207,SH.510050,09:35:59.461,buy,2.936,600,limit
20240207,SH.510050,09:35:57.523,buy,2.939,1500,limit
20240207,SH.510050,09:35:59.433,sell,2.939,500,market
20240207,SH.510050,09:35:58.056,sell,2.945,400,limit
20240207,SH.510050,09:35:59.989,sell,2.946,5000,limit
20240207,SH.510050,09:35:58.875,buy,2.944,500,market
20240207,SH.510050,09:35:58.448,sell,2.941,300,market
20240207,SH.510050,09:35:58.922,sell,2.944,1200,limit
20240207,SH.510050,09:36:01.165,sell,2.943,300,limit
20240207,SH.510050,09:36:01.595,sell,2.942,2000,limit
20240207,SH.510050,09:36:02.201,sell,2.95,500,stop
20240207,SH.510050,09:36:00.257,buy,2.934,200,limit
20240207,SH.510050,09:36:01.281,sell,2.946,500,stop
20240207,SH.510050,09:36:04.682,sell,2.944,1000,limit
20240207,SH.510050,09:36:04.122,buy,2.934,400,limit
20240207,SH.510050,09:36:03.544,buy,2.935,1000,limit
20240207,SH.510050,09:36:03.688,sell,2.942,900,limit
20240207,SH.510050,09:36:03.757,buy,2.928,5000,stop
20240207,SH.510050,09:36:04.913,buy,2.934,1500,limit
20240207,SH.510050,09:36:03.803,sell,2.944,600,limit
20240207,SH.510050,09:36:07.310,buy,2.943,1000,market
20240207,SH.510050,09:36:08.004,buy,2.94,600,limit
20240207,SH.510050,09:36:07.945,buy,2.942,1500,market
20240207,SH.510050,09:36:08.050,buy,2.936,4000,limit
20240207,SH.510050,09:36:06.678,buy,2.942,1000,market
20240207,SH.510050,09:36:07.500,buy,2.939,1000,limit
20240207,SH.510050,09:36:08.166,buy,2.944,1500,market
20240207,SH.510050,09:36:09.861,buy,2.942,600,market
20240207,SH.510050,09:36:09.031,buy,2.943,1200,market
20240207,SH.510050,09:36:10.869,sell,2.943,600,limit
20240207,SH.510050,09:36:11.992,sell,2.942,900,limit
20240207,SH.510050,09:36:09.679,buy,2.938,500,limit
20240207,SH.510050,09:36:11.645,buy,2.937,5000,limit
20240207,SH.510050,09:36:09.342,sell,2.945,800,limit
20240207,SH.510050,09:36:10.215,buy,2.936,1500,limit
20240207,SH.510050,09:36:12.963,sell,2.938,400,market
20240207,SH.510050,09:36:13.963,sell,2.937,900,market
20240207,SH.510050,09:36:14.108,sell,2.944,500,limit
20240207,SH.510050,09:36:12.955,sell,2.942,1000,limit
20240207,SH.510050,09:36:14.396,buy,2.935,4000,limit
20240207,SH.510050,09:36:14.485,buy,2.936,500,limit
20240207,SH.510050,09:36:12.669,buy,2.934,600,limit
20240207,SH.510050,09:36:17.341,buy,2.934,2000,limit
20240207,SH.510050,09:36:17.221,buy,2.938,1000,market
20240207,SH.510050,09:36:15.991,sell,2.937,500,market
20240207,SH.510050,09:36:16.953,sell,2.942,400,limit
20240207,SH.510050,09:36:15.317,buy,2.936,800,limit
20240207,SH.510050,09:36:15.712,sell,2.943,1500,limit
20240207,SH.510050,09:36:19.359,buy,2.938,300,market
20240207,SH.510050,09:36:19.786,buy,2.934,600,limit
20240207,SH.510050,09:36:19.451,buy,2.94,1500,market
20240207,SH.510050,09:36:22.511,sell,2.939,100,limit
20240207,SH.510050,09:36:23.705,buy,2.926,400,stop
20240207,SH.510050,09:36:23.358,sell,2.935,3000,market
20240207,SH.510050,09:36:23.047,sell,2.937,3000,market
20240207,SH.510050,09:36:21.228,buy,2.94,2000,market
20240207,SH.510050,09:36:23.441,buy,2.932,100,limit
20240207,SH.510050,09:36:21.887,sell,2.94,600,limit
20240207,SH.510050,09:36:22.571,buy,2.932,2000,limit
20240207,SH.510050,09:36:25.485,buy,2.923,4000,stop
20240207,SH.510050,09:36:24.174,buy,2.932,600,limit
20240207,SH.510050,09:36:25.107,buy,2.931,1000,limit
20240207,SH.510050,09:36:27.558,buy,2.935,300,limit
20240207,SH.510050,09:36:28.928,sell,2.939,500,limit
20240207,SH.510050,09:36:27.677,buy,2.931,1500,limit
20240207,SH.510050,09:36:29.246,sell,2.939,3000,limit
20240207,SH.510050,09:36:29.353,buy,2.932,300,limit
20240207,SH.510050,09:36:27.145,buy,2.934,600,limit
20240207,SH.510050,09:36:28.116,sell,2.935,100,market
20240207,SH.510050,09:36:32.262,sell,2.942,1200,limit
20240207,SH.510050,09:36:31.398,buy,2.931,600,limit
20240207,SH.510050,09:36:32.575,buy,2.933,1200,limit
20240207,SH.510050,09:36:33.322,sell,2.935,1500,market
20240207,SH.510050,09:36:34.858,sell,2.936,2000,market
20240207,SH.510050,09:36:34.279,buy,2.931,2500,limit
20240207,SH.510050,09:36:37.723,sell,2.938,400,limit
20240207,SH.510050,09:36:37.669,sell,2.941,900,limit
20240207,SH.510050,09:36:38.309,buy,2.933,300,limit
20240207,SH.510050,09:36:38.243,sell,2.944,2000,stop
20240207,SH.510050,09:36:40.403,buy,2.932,1200,limit
20240207,SH.510050,09:36:40.487,buy,2.936,1500,market
20240207,SH.510050,09:36:39.196,sell,2.933,2500,market
20240207,SH.510050,09:36:40.382,buy,2.931,300,limit
20240207,SH.510050,09:36:40.136,sell,2.941,400,limit
20240207,SH.510050,09:36:44.265,buy,2.931,900,limit
20240207,SH.510050,09:36:43.776,buy,2.933,3000,limit
20240207,SH.510050,09:36:43.008,sell,2.938,5000,limit
20240207,SH.510050,09:36:44.286,buy,2.937,300,market
20240207,SH.510050,09:36:44.719,buy,2.93,200,limit
20240207,SH.510050,09:36:45.754,buy,2.925,5000,stop
20240207,SH.510050,09:36:45.558,buy,2.931,1000,limit
20240207,SH.510050,09:36:45.884,sell,2.935,300,market
20240207,SH.510050,09:36:50.461,buy,2.93,2500,limit
20240207,SH.510050,09:36:50.834,sell,2.941,2000,limit
20240207,SH.510050,09:36:50.979,buy,2.934,100,limit
20240207,SH.510050,09:36:50.479,buy,2.937,5000,market
20240207,SH.510050,09:36:51.308,buy,2.93,1500,limit
20240207,SH.510050,09:36:52.852,buy,2.929,1200,stop
20240207,SH.510050,09:36:51.648,buy,2.937,500,market
20240207,SH.510050,09:36:51.377,buy,2.932,800,limit
20240207,SH.510050,09:36:53.381,sell,2.933,200,market
20240207,SH.510050,09:36:52.617,buy,2.932,300,limit
20240207,SH.510050,09:36:56.338,buy,2.937,2000,market
20240207,SH.510050,09:36:56.795,sell,2.935,900,market
20240207,SH.510050,09:36:54.584,sell,2.935,1500,market
20240207,SH.510050,09:36:54.082,buy,2.931,200,limit
20240207,SH.510050,09:36:54.951,sell,2.942,1000,limit
20240207,SH.510050,09:36:55.245,buy,2.937,200,market
20240207,SH.510050,09:36:58.521,buy,2.938,200,market
20240207,SH.510050,09:36:59.446,sell,2.946,200,stop
20240207,SH.510050,09:36:59.954,buy,2.934,200,limit
20240207,SH.510050,09:36:59.439,buy,2.933,3000,limit
20240207,SH.510050,09:36:59.004,sell,2.941,1000,limit
20240207,SH.510050,09:36:58.313,sell,2.94,2000,limit
20240207,SH.510050,09:37:01.277,buy,2.933,1000,limit
20240207,SH.510050,09:37:01.018,buy,2.931,3000,limit
20240207,SH.510050,09:37:02.912,sell,2.934,500,market
20240207,SH.510050,09:37:01.279,sell,2.939,1200,limit
20240207,SH.510050,09:37:02.487,sell,2.934,2000,market
20240207,SH.510050,09:37:02.025,buy,2.933,1200,limit
20240207,SH.510050,09:37:01.502,sell,2.936,500,market
20240207,SH.510050,09:37:01.055,sell,2.94,200,limit
20240207,SH.510050,09:37:03.243,sell,2.941,600,limit
20240207,SH.510050,09:37:04.140,sell,2.939,200,limit
20240207,SH.510050,09:37:03.857,sell,2.94,1000,limit
20240207,SH.510050,09:37:03.042,sell,2.937,300,limit
20240207,SH.510050,09:37:04.525,sell,2.933,1000,market
20240207,SH.510050,09:37:04.849,sell,2.939,300,limit
20240207,SH.510050,09:37:04.571,sell,2.941,300,limit
20240207,SH.510050,09:37:07.486,sell,2.934,4000,market
20240207,SH.510050,09:37:08.505,buy,2.931,600,limit
20240207,SH.510050,09:37:06.018,sell,2.936,400,market
20240207,SH.510050,09:37:08.579,sell,2.938,2000,limit
20240207,SH.510050,09:37:07.271,buy,2.938,300,market
20240207,SH.510050,09:37:06.107,buy,2.937,1000,market
20240207,SH.510050,09:37:06.035,buy,2.931,3000,limit
20240207,SH.510050,09:37:11.458,sell,2.935,600,market
20240207,SH.510050,09:37:10.861,sell,2.935,4000,market
20240207,SH.510050,09:37:09.889,sell,2.933,400,market
20240207,SH.510050,09:37:09.491,sell,2.951,1000,stop
20240207,SH.510050,09:37:09.938,sell,2.946,300,stop
20240207,SH.510050,09:37:13.628,sell,2.94,1000,limit
20240207,SH.510050,09:37:12.403,sell,2.935,4000,market
20240207,SH.510050,09:37:12.609,buy,2.931,1000,limit
20240207,SH.510050,09:37:16.077,buy,2.932,3000,limit
20240207,SH.510050,09:37:15.379,buy,2.936,5000,limit
20240207,SH.510050,09:37:16.219,buy,2.932,5000,limit
20240207,SH.510050,09:37:17.813,sell,2.943,1500,limit
20240207,SH.510050,09:37:17.643,sell,2.936,1200,market
20240207,SH.510050,09:37:15.687,buy,2.932,600,limit
20240207,SH.510050,09:37:19.742,buy,2.933,1000,limit
20240207,SH.510050,09:37:19.682,buy,2.934,1000,limit
20240207,SH.510050,09:37:19.525,sell,2.941,3000,limit
20240207,SH.510050,09:37:22.575,buy,2.938,2500,market
20240207,SH.510050,09:37:22.145,sell,2.94,400,limit
20240207,SH.510050,09:37:23.417,sell,2.941,5000,limit
20240207,SH.510050,09:37:21.344,buy,2.932,2000,limit
20240207,SH.510050,09:37:21.056,buy,2.938,5000,market
20240207,SH.510050,09:37:23.089,buy,2.933,2000,limit
20240207,SH.510050,09:37:26.723,sell,2.937,800,market
20240207,SH.510050,09:37:24.408,buy,2.933,400,limit
20240207,SH.510050,09:37:24.736,sell,2.935,500,market
20240207,SH.510050,09:37:29.498,sell,2.937,2000,market
20240207,SH.510050,09:37:28.329,buy,2.939,500,market
20240207,SH.510050,09:37:27.951,buy,2.933,1000,limit
20240207,SH.510050,09:37:27.165,buy,2.935,600,limit
20240207,SH.510050,09:37:32.890,sell,2.941,2500,limit
20240207,SH.510050,09:37:30.131,buy,2.936,200,limit
20240207,SH.510050,09:37:30.924,sell,2.941,100,limit
20240207,SH.510050,09:37:31.264,sell,2.942,1500,limit
20240207,SH.510050,09:37:34.876,buy,2.94,2000,market
20240207,SH.510050,09:37:35.140,buy,2.932,400,limit
20240207,SH.510050,09:37:34.163,buy,2.932,1000,limit
20240207,SH.510050,09:37:34.353,buy,2.935,1200,limit
20240207,SH.510050,09:37:35.321,buy,2.933,800,limit
20240207,SH.510050,09:37:36.235,sell,2.937,1000,market
20240207,SH.510050,09:37:36.670,buy,2.942,500,market
20240207,SH.510050,09:37:37.765,buy,2.935,400,limit
20240207,SH.510050,09:37:37.509,buy,2.938,400,limit
20240207,SH.510050,09:37:36.754,sell,2.939,300,market
20240207,SH.510050,09:37:38.254,sell,2.941,4000,limit
20240207,SH.510050,09:37:36.892,sell,2.939,4000,market
20240207,SH.510050,09:37:41.081,sell,2.942,600,limit
20240207,SH.510050,09:37:40.798,buy,2.935,1000,limit
20240207,SH.510050,09:37:39.004,buy,2.931,1000,stop
20240207,SH.510050,09:37:41.285,sell,2.946,1000,limit
20240207,SH.510050,09:37:41.291,sell,2.943,2000,limit
20240207,SH.510050,09:37:40.007,sell,2.938,1200,market
20240207,SH.510050,09:37:39.036,sell,2.939,1500,market
20240207,SH.510050,09:37:40.770,buy,2.937,500,limit
20240207,SH.510050,09:37:44.961,buy,2.938,600,limit
20240207,SH.510050,09:37:44.283,buy,2.931,5000,stop
20240207,SH.510050,09:37:43.527,buy,2.938,2000,limit
20240207,SH.510050,09:37:43.721,sell,2.94,800,market
20240207,SH.510050,09:37:42.877,sell,2.939,1000,market
20240207,SH.510050,09:37:42.839,buy,2.925,1000,stop
20240207,SH.510050,09:37:45.654,sell,2.944,300,limit
20240207,SH.510050,09:37:46.815,buy,2.935,600,limit
20240207,SH.510050,09:37:46.696,sell,2.945,1500,limit
20240207,SH.510050,09:37:46.620,buy,2.937,400,limit
20240207,SH.510050,09:37:46.717,buy,2.94,1000,market
20240207,SH.510050,09:37:49.757,sell,2.937,100,market
20240207,SH.510050,09:37:49.057,buy,2.933,2500,limit
20240207,SH.510050,09:37:49.432,buy,2.933,1500,limit
20240207,SH.510050,09:37:48.405,sell,2.936,5000,market
20240207,SH.510050,09:37:50.471,buy,2.937,3000,limit
20240207,SH.510050,09:37:53.246,sell,2.937,1500,market
20240207,SH.510050,09:37:51.885,sell,2.941,500,limit
20240207,SH.510050,09:37:53.448,sell,2.943,2000,limit
20240207,SH.510050,09:37:53.573,buy,2.942,100,market
20240207,SH.510050,09:37:51.751,buy,2.942,200,market
20240207,SH.510050,09:37:51.251,sell,2.938,2000,market
20240207,SH.510050,09:37:55.268,sell,2.944,1000,limit
20240207,SH.510050,09:37:54.290,buy,2.935,900,limit
20240207,SH.510050,09:37:54.063,buy,2.932,1200,stop
20240207,SH.510050,09:37:55.993,buy,2.937,2500,limit
20240207,SH.510050,09:37:55.652,sell,2.943,900,limit
20240207,SH.510050,09:37:55.832,buy,2.942,1500,market
20240207,SH.510050,09:37:58.745,sell,2.946,100,limit
20240207,SH.510050,09:37:57.203,buy,2.935,400,limit
20240207,SH.510050,09:37:57.748,sell,2.938,200,market
20240207,SH.510050,09:37:58.081,sell,2.944,1500,limit
20240207,SH.510050,09:37:57.431,sell,2.946,600,limit
20240207,SH.510050,09:38:01.018,buy,2.933,500,stop
20240207,SH.510050,09:38:00.240,sell,2.941,1000,limit
20240207,SH.510050,09:38:02.862,buy,2.942,100,market
20240207,SH.510050,09:38:00.631,sell,2.945,1500,limit
20240207,SH.510050,09:38:00.968,sell,2.941,1000,limit
20240207,SH.510050,09:38:02.559,buy,2.942,600,market
20240207,SH.510050,09:38:05.793,sell,2.941,300,limit
20240207,SH.510050,09:38:03.147,buy,2.926,100,stop
20240207,SH.510050,09:38:05.185,buy,2.938,1000,limit
20240207,SH.510050,09:38:05.659,sell,2.943,900,limit
20240207,SH.510050,09:38:04.311,sell,2.944,800,limit
20240207,SH.510050,09:38:03.356,buy,2.934,500,limit
20240207,SH.510050,09:38:05.555,sell,2.941,4000,limit
20240207,SH.510050,09:38:08.298,sell,2.942,800,limit
20240207,SH.510050,09:38:06.886,buy,2.936,1000,limit
20240207,SH.510050,09:38:07.692,buy,2.941,200,market
20240207,SH.510050,09:38:07.187,sell,2.944,800,limit
20240207,SH.510050,09:38:08.319,sell,2.943,300,limit
20240207,SH.510050,09:38:09.288,sell,2.948,400,limit
20240207,SH.510050,09:38:09.148,sell,2.945,100,limit
20240207,SH.510050,09:38:10.127,sell,2.946,200,limit
20240207,SH.510050,09:38:10.100,sell,2.947,3000,limit
20240207,SH.510050,09:38:10.780,sell,2.941,1500,market
20240207,SH.510050,09:38:11.804,sell,2.94,3000,market
20240207,SH.510050,09:38:09.689,buy,2.941,2500,limit
20240207,SH.510050,09:38:09.263,sell,2.946,600,limit
20240207,SH.510050,09:38:13.149,buy,2.936,600,stop
20240207,SH.510050,09:38:13.266,sell,2.947,5000,limit
20240207,SH.510050,09:38:13.158,sell,2.948,2000,limit
20240207,SH.510050,09:38:12.349,buy,2.938,5000,limit
20240207,SH.510050,09:38:14.645,buy,2.941,400,limit
20240207,SH.510050,09:38:12.720,buy,2.938,300,limit
20240207,SH.510050,09:38:12.424,sell,2.942,1500,market
20240207,SH.510050,09:38:16.896,sell,2.939,1000,market
20240207,SH.510050,09:38:16.527,buy,2.938,1000,limit
20240207,SH.510050,09:38:17.507,buy,2.944,300,market
20240207,SH.510050,09:38:15.334,buy,2.937,2000,limit
20240207,SH.510050,09:38:20.894,buy,2.938,2500,limit
20240207,SH.510050,09:38:20.015,sell,2.945,600,limit
20240207,SH.510050,09:38:18.171,buy,2.943,1200,market
20240207,SH.510050,09:38:19.454,buy,2.943,100,market
20240207,SH.510050,09:38:18.489,sell,2.953,200,stop
20240207,SH.510050,09:38:18.655,buy,2.942,1500,market
20240207,SH.510050,09:38:19.133,sell,2.945,2000,limit
20240207,SH.510050,09:38:18.175,buy,2.943,900,market
20240207,SH.510050,09:38:22.582,sell,2.938,500,market
20240207,SH.510050,09:38:23.610,buy,2.936,1000,limit
20240207,SH.510050,09:38:22.057,buy,2.941,500,market
20240207,SH.510050,09:38:22.497,sell,2.945,1200,limit
20240207,SH.510050,09:38:22.963,buy,2.941,3000,market
20240207,SH.510050,09:38:21.247,buy,2.937,1200,limit
20240207,SH.510050,09:38:25.546,buy,2.936,300,limit
20240207,SH.510050,09:38:25.574,buy,2.937,300,limit
20240207,SH.510050,09:38:26.438,buy,2.936,300,limit
20240207,SH.510050,09:38:26.444,sell,2.944,500,limit
20240207,SH.510050,09:38:24.454,sell,2.954,800,stop
20240207,SH.510050,09:38:24.862,buy,2.935,3000,limit
20240207,SH.510050,09:38:25.518,sell,2.945,2500,limit
20240207,SH.510050,09:38:25.785,sell,2.945,2000,limit
20240207,SH.510050,09:38:27.134,sell,2.943,400,limit
20240207,SH.510050,09:38:27.453,buy,2.933,200,limit
20240207,SH.510050,09:38:29.295,sell,2.944,2000,limit
20240207,SH.510050,09:38:27.988,sell,2.943,300,limit
20240207,SH.510050,09:38:27.728,sell,2.943,1200,limit
20240207,SH.510050,09:38:28.681,sell,2.944,400,limit
20240207,SH.510050,09:38:27.152,buy,2.936,2500,limit
20240207,SH.510050,09:38:29.078,sell,2.936,1500,market
20240207,SH.510050,09:38:31.836,buy,2.94,2000,market
20240207,SH.510050,09:38:31.731,sell,2.943,100,limit
20240207,SH.510050,09:38:30.294,sell,2.943,800,limit
20240207,SH.510050,09:38:31.944,buy,2.935,1000,limit
20240207,SH.510050,09:38:34.329,sell,2.939,100,limit
20240207,SH.510050,09:38:34.818,sell,2.937,1500,market
20240207,SH.510050,09:38:35.441,sell,2.943,1500,limit
20240207,SH.510050,09:38:34.317,buy,2.932,1500,limit
20240207,SH.510050,09:38:34.132,sell,2.941,1500,limit
20240207,SH.510050,09:38:33.433,buy,2.936,1500,limit
20240207,SH.510050,09:38:37.397,buy,2.933,1000,limit
20240207,SH.510050,09:38:36.890,sell,2.939,1200,limit
20240207,SH.510050,09:38:37.515,buy,2.934,2000,limit
20240207,SH.510050,09:38:37.602,buy,2.936,2500,limit
20240207,SH.510050,09:38:37.840,buy,2.934,2000,limit
20240207,SH.510050,09:38:36.194,buy,2.935,300,limit
20240207,SH.510050,09:38:38.714,sell,2.941,2500,limit
20240207,SH.510050,09:38:40.702,sell,2.94,2000,limit
20240207,SH.510050,09:38:39.123,buy,2.936,1000,limit
20240207,SH.510050,09:38:40.321,sell,2.944,800,limit
20240207,SH.510050,09:38:39.984,sell,2.94,2500,limit
20240207,SH.510050,09:38:39.825,buy,2.939,2000,market
20240207,SH.510050,09:38:44.716,sell,2.938,100,limit
20240207,SH.510050,09:38:43.442,buy,2.939,800,market
20240207,SH.510050,09:38:44.687,sell,2.95,800,stop
20240207,SH.510050,09:38:44.718,sell,2.939,400,limit
20240207,SH.510050,09:38:43.660,sell,2.94,100,limit
20240207,SH.510050,09:38:45.110,buy,2.936,400,limit
20240207,SH.510050,09:38:46.003,sell,2.943,800,limit
20240207,SH.510050,09:38:47.849,sell,2.935,2000,market
20240207,SH.510050,09:38:47.093,sell,2.936,2500,market
20240207,SH.510050,09:38:47.751,buy,2.934,800,limit
20240207,SH.510050,09:38:46.204,buy,2.936,400,limit
20240207,SH.510050,09:38:49.137,sell,2.95,1200,stop
20240207,SH.510050,09:38:50.539,buy,2.937,2000,limit
20240207,SH.510050,09:38:49.023,buy,2.941,1200,market
20240207,SH.510050,09:38:49.296,buy,2.941,900,market
20240207,SH.510050,09:38:48.013,sell,2.942,1200,limit
20240207,SH.510050,09:38:50.502,sell,2.937,500,market
20240207,SH.510050,09:38:49.012,sell,2.94,100,limit
20240207,SH.510050,09:38:49.770,sell,2.942,1500,limit
20240207,SH.510050,09:38:51.945,sell,2.938,200,market
20240207,SH.510050,09:38:53.436,sell,2.936,500,market
20240207,SH.510050,09:38:52.622,buy,2.941,500,market
20240207,SH.510050,09:38:51.345,sell,2.95,900,stop
20240207,SH.510050,09:38:52.391,sell,2.941,2500,limit
20240207,SH.510050,09:38:52.070,buy,2.941,3000,market
20240207,SH.510050,09:38:56.401,buy,2.932,300,limit
20240207,SH.510050,09:38:55.747,buy,2.934,200,limit
20240207,SH.510050,09:38:56.929,buy,2.935,500,limit
20240207,SH.510050,09:38:59.236,buy,2.937,300,market
20240207,SH.510050,09:38:58.656,buy,2.93,300,stop
20240207,SH.510050,09:38:59.432,sell,2.934,2000,market
20240207,SH.510050,09:38:57.814,buy,2.939,600,market
20240207,SH.510050,09:38:58.499,sell,2.935,200,market
20240207,SH.510050,09:39:02.610,buy,2.932,2500,limit
20240207,SH.510050,09:39:00.997,sell,2.941,1500,limit
20240207,SH.510050,09:39:02.756,sell,2.939,200,limit
20240207,SH.510050,09:39:01.269,sell,2.937,600,limit
20240207,SH.510050,09:39:02.645,buy,2.932,500,limit
20240207,SH.510050,09:39:02.374,sell,2.933,500,market
20240207,SH.510050,09:39:00.501,buy,2.934,2000,limit
20240207,SH.510050,09:39:04.661,buy,2.935,1000,limit
20240207,SH.510050,09:39:05.886,buy,2.938,500,market
20240207,SH.510050,09:39:03.054,sell,2.934,4000,market
20240207,SH.510050,09:39:04.119,buy,2.938,200,market
20240207,SH.510050,09:39:08.798,sell,2.938,400,limit
20240207,SH.510050,09:39:07.197,buy,2.932,900,limit
20240207,SH.510050,09:39:07.128,sell,2.942,200,limit
20240207,SH.510050,09:39:07.207,sell,2.938,300,limit
20240207,SH.510050,09:39:11.529,sell,2.936,300,market
20240207,SH.510050,09:39:09.919,buy,2.932,900,limit
20240207,SH.510050,09:39:09.935,buy,2.939,600,market
20240207,SH.510050,09:39:11.474,buy,2.94,300,market
20240207,SH.510050,09:39:14.419,buy,2.935,600,limit
20240207,SH.510050,09:39:14.239,buy,2.936,200,limit
20240207,SH.510050,09:39:13.745,sell,2.94,4000,limit
20240207,SH.510050,09:39:14.286,buy,2.936,200,limit
20240207,SH.510050,09:39:15.001,buy,2.941,200,market
20240207,SH.510050,09:39:15.592,buy,2.941,5000,market
20240207,SH.510050,09:39:15.714,sell,2.941,5000,limit
20240207,SH.510050,09:39:15.204,buy,2.935,600,limit
20240207,SH.510050,09:39:17.348,sell,2.939,400,market
20240207,SH.510050,09:39:15.050,buy,2.94,2000,market
20240207,SH.510050,09:39:18.883,sell,2.942,800,limit
20240207,SH.510050,09:39:20.669,sell,2.945,1000,limit
20240207,SH.510050,09:39:19.190,sell,2.944,5000,limit
20240207,SH.510050,09:39:20.529,buy,2.94,2000,market
20240207,SH.510050,09:39:19.010,buy,2.941,2500,market
20240207,SH.510050,09:39:20.726,sell,2.939,800,market
20240207,SH.510050,09:39:20.366,buy,2.935,600,limit
20240207,SH.510050,09:39:19.942,sell,2.943,1200,limit
20240207,SH.510050,09:39:23.687,sell,2.937,4000,market
20240207,SH.510050,09:39:22.457,sell,2.945,400,limit
20240207,SH.510050,09:39:21.257,sell,2.939,2000,market
20240207,SH.510050,09:39:23.661,sell,2.945,4000,limit
20240207,SH.510050,09:39:24.913,buy,2.936,4000,limit
20240207,SH.510050,09:39:26.547,buy,2.937,2000,limit
20240207,SH.510050,09:39:25.233,sell,2.936,300,market
20240207,SH.510050,09:39:25.156,sell,2.937,300,market
20240207,SH.510050,09:39:27.046,sell,2.937,1000,market
20240207,SH.510050,09:39:27.897,sell,2.944,600,limit
20240207,SH.510050,09:39:28.343,buy,2.94,600,market
20240207,SH.510050,09:39:29.328,buy,2.941,600,market
20240207,SH.510050,09:39:28.151,sell,2.937,500,market
20240207,SH.510050,09:39:28.875,buy,2.936,2000,limit
20240207,SH.510050,09:39:27.889,sell,2.942,400,limit
20240207,SH.510050,09:39:32.406,sell,2.942,400,limit
20240207,SH.510050,09:39:31.668,buy,2.935,200,limit
20240207,SH.510050,09:39:32.000,buy,2.934,600,limit
20240207,SH.510050,09:39:31.369,buy,2.939,400,market
20240207,SH.510050,09:39:31.737,buy,2.936,300,limit
20240207,SH.510050,09:39:31.854,buy,2.932,500,limit
20240207,SH.510050,09:39:34.941,buy,2.935,500,limit
20240207,SH.510050,09:39:33.692,sell,2.939,300,limit
20240207,SH.510050,09:39:35.444,buy,2.934,900,limit
20240207,SH.510050,09:39:33.936,buy,2.934,3000,limit
20240207,SH.510050,09:39:35.721,buy,2.934,500,limit
20240207,SH.510050,09:39:36.629,sell,2.938,800,limit
20240207,SH.510050,09:39:36.255,buy,2.937,1000,market
20240207,SH.510050,09:39:37.740,sell,2.942,300,limit
20240207,SH.510050,09:39:36.074,sell,2.94,600,limit
20240207,SH.510050,09:39:40.753,sell,2.939,5000,limit
20240207,SH.510050,09:39:41.505,buy,2.937,1500,market
20240207,SH.510050,09:39:40.878,sell,2.937,600,limit
20240207,SH.510050,09:39:41.720,sell,2.938,1000,limit
20240207,SH.510050,09:39:39.621,sell,2.938,500,limit
20240207,SH.510050,09:39:40.962,buy,2.934,300,limit
20240207,SH.510050,09:39:43.807,sell,2.937,400,limit
20240207,SH.510050,09:39:42.397,buy,2.931,2000,limit
20240207,SH.510050,09:39:42.746,buy,2.936,500,market
20240207,SH.510050,09:39:42.104,buy,2.933,300,limit
20240207,SH.510050,09:39:46.043,buy,2.934,1500,limit
20240207,SH.510050,09:39:45.605,buy,2.934,1000,limit
20240207,SH.510050,09:39:47.294,sell,2.941,1500,limit
20240207,SH.510050,09:39:49.162,buy,2.933,1000,limit
20240207,SH.510050,09:39:50.233,buy,2.935,900,market
20240207,SH.510050,09:39:50.695,buy,2.929,400,limit
20240207,SH.510050,09:39:53.476,sell,2.938,600,limit
20240207,SH.510050,09:39:51.108,sell,2.935,1200,market
20240207,SH.510050,09:39:53.798,sell,2.937,4000,limit
20240207,SH.510050,09:39:52.401,sell,2.94,2500,limit
20240207,SH.510050,09:39:55.793,buy,2.937,600,market
20240207,SH.510050,09:39:55.511,buy,2.919,1500,stop
20240207,SH.510050,09:39:56.901,buy,2.931,4000,limit
20240207,SH.510050,09:39:55.533,buy,2.931,1500,limit
20240207,SH.510050,09:39:55.799,buy,2.929,200,limit
20240207,SH.510050,09:39:56.475,sell,2.936,1500,limit
20240207,SH.510050,09:39:55.703,buy,2.933,1000,limit
20240207,SH.510050,09:39:56.180,sell,2.94,1500,limit
20240207,SH.510050,09:39:57.638,buy,2.937,5000,market
20240207,SH.510050,09:39:57.723,sell,2.936,500,market
20240207,SH.510050,09:39:59.911,sell,2.941,1000,limit
20240207,SH.510050,09:39:59.915,sell,2.939,600,limit
20240207,SH.510050,09:39:59.227,buy,2.934,200,limit
20240207,SH.510050,09:40:01.044,sell,2.942,400,limit
20240207,SH.510050,09:40:02.046,sell,2.938,2000,limit
20240207,SH.510050,09:40:01.341,sell,2.935,3000,market
20240207,SH.510050,09:40:05.893,sell,2.937,600,market
20240207,SH.510050,09:40:03.816,buy,2.939,100,market
20240207,SH.510050,09:40:05.385,sell,2.941,100,limit
20240207,SH.510050,09:40:07.528,sell,2.937,2500,market
20240207,SH.510050,09:40:06.287,sell,2.953,600,stop
20240207,SH.510050,09:40:08.577,buy,2.933,1200,limit
20240207,SH.510050,09:40:07.274,buy,2.94,200,market
20240207,SH.510050,09:40:07.388,sell,2.94,300,limit
20240207,SH.510050,09:40:06.760,buy,2.938,1000,market
20240207,SH.510050,09:40:07.097,sell,2.941,1000,limit
20240207,SH.510050,09:40:07.085,sell,2.943,500,limit
20240207,SH.510050,09:40:10.267,sell,2.944,300,limit
20240207,SH.510050,09:40:11.363,sell,2.94,300,limit
20240207,SH.510050,09:40:09.697,buy,2.935,1500,limit
20240207,SH.510050,09:40:10.056,sell,2.942,3000,limit
20240207,SH.510050,09:40:11.512,sell,2.944,1500,limit
20240207,SH.510050,09:40:09.807,buy,2.934,500,limit
20240207,SH.510050,09:40:09.998,buy,2.936,200,limit
20240207,SH.510050,09:40:09.853,sell,2.941,2500,limit
20240207,SH.510050,09:40:14.589,sell,2.941,800,limit
20240207,SH.510050,09:40:12.333,buy,2.936,600,limit
20240207,SH.510050,09:40:12.277,buy,2.94,2000,market
20240207,SH.510050,09:40:12.998,sell,2.941,200,limit
20240207,SH.510050,09:40:16.626,sell,2.937,200,market
20240207,SH.510050,09:40:16.720,sell,2.939,2000,market
20240207,SH.510050,09:40:17.048,sell,2.937,400,market
20240207,SH.510050,09:40:15.421,sell,2.941,1000,limit
20240207,SH.510050,09:40:15.808,sell,2.943,400,limit
20240207,SH.510050,09:40:15.524,sell,2.941,400,limit
20240207,SH.510050,09:40:16.562,sell,2.945,3000,limit
20240207,SH.510050,09:40:18.160,sell,2.937,1000,market
20240207,SH.510050,09:40:18.591,buy,2.942,600,market
20240207,SH.510050,09:40:20.608,sell,2.941,200,limit
20240207,SH.510050,09:40:19.045,buy,2.937,100,limit
20240207,SH.510050,09:40:20.463,buy,2.937,1000,limit
20240207,SH.510050,09:40:21.150,buy,2.935,1000,limit
20240207,SH.510050,09:40:23.659,buy,2.938,500,limit
20240207,SH.510050,09:40:21.425,sell,2.944,800,limit
20240207,SH.510050,09:40:21.035,buy,2.939,1000,limit
20240207,SH.510050,09:40:23.559,sell,2.94,300,market
20240207,SH.510050,09:40:26.503,buy,2.935,3000,limit
20240207,SH.510050,09:40:25.138,sell,2.944,800,limit
20240207,SH.510050,09:40:25.686,buy,2.935,2500,limit
20240207,SH.510050,09:40:26.970,buy,2.943,300,market
20240207,SH.510050,09:40:28.423,sell,2.939,500,market
20240207,SH.510050,09:40:29.099,sell,2.946,1000,limit
20240207,SH.510050,09:40:29.358,sell,2.938,300,market
20240207,SH.510050,09:40:29.146,buy,2.939,1500,limit
20240207,SH.510050,09:40:28.540,buy,2.936,300,limit
20240207,SH.510050,09:40:28.052,sell,2.943,300,limit
20240207,SH.510050,09:40:28.310,sell,2.946,1000,limit
20240207,SH.510050,09:40:28.107,sell,2.946,2000,limit
20240207,SH.510050,09:40:31.811,buy,2.94,100,limit
20240207,SH.510050,09:40:31.466,sell,2.944,600,limit
20240207,SH.510050,09:40:31.278,sell,2.947,400,limit
20240207,SH.510050,09:40:31.776,sell,2.957,500,stop
20240207,SH.510050,09:40:32.067,buy,2.942,1500,market
20240207,SH.510050,09:40:30.635,buy,2.936,1500,limit
20240207,SH.510050,09:40:32.428,buy,2.936,300,limit
20240207,SH.510050,09:40:35.723,buy,2.937,5000,limit
20240207,SH.510050,09:40:34.086,sell,2.952,600,stop
20240207,SH.510050,09:40:33.444,sell,2.945,1000,limit
20240207,SH.510050,09:40:33.255,sell,2.941,600,market
20240207,SH.510050,09:40:34.744,sell,2.947,3000,limit
20240207,SH.510050,09:40:35.725,buy,2.945,300,market
20240207,SH.510050,09:40:38.043,sell,2.946,3000,limit
20240207,SH.510050,09:40:37.421,buy,2.937,1500,limit
20240207,SH.510050,09:40:38.032,sell,2.944,300,limit
20240207,SH.510050,09:40:38.625,sell,2.939,400,market
20240207,SH.510050,09:40:38.510,sell,2.941,400,market
20240207,SH.510050,09:40:40.713,sell,2.944,2500,limit
20240207,SH.510050,09:40:41.260,sell,2.944,200,limit
20240207,SH.510050,09:40:40.480,sell,2.946,1000,limit
20240207,SH.510050,09:40:40.525,buy,2.928,1200,stop
20240207,SH.510050,09:40:41.123,sell,2.939,100,market
20240207,SH.510050,09:40:39.442,buy,2.935,2000,limit
20240207,SH.510050,09:40:43.919,buy,2.943,1200,market
20240207,SH.510050,09:40:44.709,sell,2.938,600,market
20240207,SH.510050,09:40:42.968,buy,2.937,100,limit
20240207,SH.510050,09:40:44.721,buy,2.939,300,limit
20240207,SH.510050,09:40:45.219,sell,2.938,600,market
20240207,SH.510050,09:40:47.419,sell,2.945,2500,limit
20240207,SH.510050,09:40:46.882,buy,2.935,2000,limit
20240207,SH.510050,09:40:46.491,buy,2.94,200,market
20240207,SH.510050,09:40:46.418,sell,2.937,400,market
20240207,SH.510050,09:40:46.581,sell,2.939,300,market
20240207,SH.510050,09:40:45.280,buy,2.935,600,limit
20240207,SH.510050,09:40:47.259,buy,2.94,200,market
20240207,SH.510050,09:40:50.912,sell,2.943,900,limit
20240207,SH.510050,09:40:48.363,sell,2.941,3000,limit
20240207,SH.510050,09:40:48.031,sell,2.941,500,limit
20240207,SH.510050,09:40:51.913,sell,2.94,200,market
20240207,SH.510050,09:40:53.712,buy,2.94,200,limit
20240207,SH.510050,09:40:52.755,sell,2.945,900,limit
20240207,SH.510050,09:40:53.225,buy,2.937,800,limit
20240207,SH.510050,09:40:53.166,sell,2.954,2000,stop
20240207,SH.510050,09:40:51.266,sell,2.945,500,limit
20240207,SH.510050,09:40:53.398,buy,2.932,1200,stop
20240207,SH.510050,09:40:54.268,sell,2.939,4000,market
20240207,SH.510050,09:40:56.411,buy,2.935,500,limit
20240207,SH.510050,09:40:55.046,sell,2.94,200,market
20240207,SH.510050,09:40:54.455,sell,2.938,5000,market
20240207,SH.510050,09:40:54.862,sell,2.94,100,market
20240207,SH.510050,09:40:55.424,sell,2.946,200,limit
20240207,SH.510050,09:40:57.228,buy,2.944,1000,market
20240207,SH.510050,09:40:59.590,buy,2.941,300,limit
20240207,SH.510050,09:40:59.000,sell,2.94,300,market
20240207,SH.510050,09:41:00.697,buy,2.942,600,market
20240207,SH.510050,09:41:01.729,buy,2.942,1000,market
20240207,SH.510050,09:41:01.186,buy,2.933,1000,stop
20240207,SH.510050,09:41:01.651,sell,2.943,300,limit
20240207,SH.510050,09:41:02.379,buy,2.939,400,limit
20240207,SH.510050,09:41:01.954,sell,2.947,1000,limit
20240207,SH.510050,09:41:02.637,sell,2.946,900,limit
20240207,SH.510050,09:41:04.191,buy,2.946,1000,market
20240207,SH.510050,09:41:03.311,sell,2.941,300,market
20240207,SH.510050,09:41:05.953,buy,2.942,200,limit
20240207,SH.510050,09:41:03.127,buy,2.938,900,limit
20240207,SH.510050,09:41:04.772,sell,2.942,4000,market
20240207,SH.510050,09:41:05.909,sell,2.947,100,limit
20240207,SH.510050,09:41:04.759,sell,2.942,300,market
20240207,SH.510050,09:41:05.491,buy,2.946,500,market
20240207,SH.510050,09:41:07.638,buy,2.941,1000,limit
20240207,SH.510050,09:41:08.109,sell,2.941,1000,market
20240207,SH.510050,09:41:06.049,buy,2.942,4000,limit
20240207,SH.510050,09:41:07.524,buy,2.939,800,limit
20240207,SH.510050,09:41:09.057,buy,2.945,4000,market
20240207,SH.510050,09:41:11.120,sell,2.948,1000,limit
20240207,SH.510050,09:41:10.137,buy,2.938,800,limit
20240207,SH.510050,09:41:10.380,buy,2.944,1000,market
20240207,SH.510050,09:41:10.093,sell,2.946,300,limit
20240207,SH.510050,09:41:11.075,sell,2.946,1200,limit
20240207,SH.510050,09:41:12.736,buy,2.939,2500,limit
20240207,SH.510050,09:41:14.712,sell,2.949,3000,limit
20240207,SH.510050,09:41:13.167,sell,2.942,400,market
20240207,SH.510050,09:41:15.779,buy,2.944,2000,market
20240207,SH.510050,09:41:17.182,sell,2.948,1500,limit
20240207,SH.510050,09:41:15.809,sell,2.945,300,limit
20240207,SH.510050,09:41:16.858,sell,2.948,1500,limit
20240207,SH.510050,09:41:17.177,buy,2.945,5000,market
20240207,SH.510050,09:41:17.280,buy,2.927,500,stop
20240207,SH.510050,09:41:19.353,buy,2.938,1000,limit
20240207,SH.510050,09:41:19.289,buy,2.946,3000,market
20240207,SH.510050,09:41:19.181,sell,2.948,1000,limit
20240207,SH.510050,09:41:20.400,buy,2.942,1000,limit
20240207,SH.510050,09:41:18.597,sell,2.946,200,limit
20240207,SH.510050,09:41:20.674,buy,2.946,5000,market
20240207,SH.510050,09:41:23.293,buy,2.942,1200,limit
20240207,SH.510050,09:41:22.916,buy,2.946,500,market
20240207,SH.510050,09:41:21.472,buy,2.939,100,limit
20240207,SH.510050,09:41:22.719,buy,2.941,3000,limit
20240207,SH.510050,09:41:21.895,sell,2.947,3000,limit
20240207,SH.510050,09:41:23.173,buy,2.94,1000,limit
20240207,SH.510050,09:41:24.433,sell,2.948,1200,limit
20240207,SH.510050,09:41:26.895,sell,2.945,4000,limit
20240207,SH.510050,09:41:25.771,sell,2.945,400,limit
20240207,SH.510050,09:41:25.197,buy,2.946,400,market
20240207,SH.510050,09:41:27.378,sell,2.944,500,market
20240207,SH.510050,09:41:27.805,sell,2.95,300,limit
20240207,SH.510050,09:41:27.097,buy,2.94,1000,limit
20240207,SH.510050,09:41:27.832,buy,2.941,800,limit
20240207,SH.510050,09:41:30.387,buy,2.944,4000,limit
20240207,SH.510050,09:41:31.793,sell,2.949,200,limit
20240207,SH.510050,09:41:30.471,buy,2.946,2000,market
20240207,SH.510050,09:41:30.293,buy,2.944,1500,limit
20240207,SH.510050,09:41:32.963,sell,2.948,2000,limit
20240207,SH.510050,09:41:31.229,sell,2.95,1000,limit
20240207,SH.510050,09:41:32.752,sell,2.949,1000,limit
20240207,SH.510050,09:41:30.910,buy,2.944,1200,limit
20240207,SH.510050,09:41:34.452,buy,2.94,200,limit
20240207,SH.510050,09:41:34.960,buy,2.943,600,limit
20240207,SH.510050,09:41:34.420,sell,2.949,600,limit
20240207,SH.510050,09:41:34.433,buy,2.943,400,limit
20240207,SH.510050,09:41:33.059,sell,2.957,300,stop
20240207,SH.510050,09:41:37.553,sell,2.949,1000,limit
20240207,SH.510050,09:41:38.298,buy,2.941,100,limit
20240207,SH.510050,09:41:37.034,buy,2.942,400,limit
20240207,SH.510050,09:41:38.928,sell,2.952,1000,limit
20240207,SH.510050,09:41:41.571,buy,2.944,2500,limit
20240207,SH.510050,09:41:41.699,sell,2.95,500,limit
20240207,SH.510050,09:41:41.426,sell,2.959,2500,stop
20240207,SH.510050,09:41:41.849,sell,2.951,3000,limit
20240207,SH.510050,09:41:40.005,sell,2.948,1000,limit
20240207,SH.510050,09:41:40.463,buy,2.944,600,limit
20240207,SH.510050,09:41:39.076,buy,2.942,400,limit
20240207,SH.510050,09:41:40.536,buy,2.942,3000,limit
20240207,SH.510050,09:41:43.096,sell,2.952,3000,limit
20240207,SH.510050,09:41:42.055,sell,2.945,900,market
20240207,SH.510050,09:41:42.431,buy,2.943,4000,limit
20240207,SH.510050,09:41:43.072,buy,2.947,200,market
20240207,SH.510050,09:41:44.458,buy,2.947,900,market
20240207,SH.510050,09:41:47.949,sell,2.944,100,market
20240207,SH.510050,09:41:47.179,buy,2.947,2000,market
20240207,SH.510050,09:41:47.800,sell,2.948,300,limit
20240207,SH.510050,09:41:50.770,sell,2.954,1200,stop
20240207,SH.510050,09:41:49.091,buy,2.949,800,market
20240207,SH.510050,09:41:48.785,sell,2.946,3000,market
20240207,SH.510050,09:41:49.131,buy,2.948,1000,market
20240207,SH.510050,09:41:48.861,buy,2.944,5000,limit
20240207,SH.510050,09:41:48.668,sell,2.95,200,limit
20240207,SH.510050,09:41:50.985,buy,2.942,1500,limit
20240207,SH.510050,09:41:50.507,sell,2.952,1000,limit
20240207,SH.510050,09:41:51.199,sell,2.944,300,market
20240207,SH.510050,09:41:52.095,sell,2.953,5000,stop
20240207,SH.510050,09:41:53.942,sell,2.95,300,limit
20240207,SH.510050,09:41:51.943,sell,2.947,2000,limit
20240207,SH.510050,09:41:53.442,buy,2.942,3000,limit
20240207,SH.510050,09:41:51.970,buy,2.948,300,market
20240207,SH.510050,09:41:54.286,buy,2.94,300,limit
20240207,SH.510050,09:41:56.929,sell,2.943,5000,market
20240207,SH.510050,09:41:55.924,buy,2.943,1500,limit
20240207,SH.510050,09:41:55.538,sell,2.951,5000,stop
20240207,SH.510050,09:41:55.661,buy,2.945,800,market
20240207,SH.510050,09:41:56.660,buy,2.939,5000,limit
20240207,SH.510050,09:41:56.139,sell,2.943,2000,market
20240207,SH.510050,09:41:54.875,buy,2.942,300,limit
20240207,SH.510050,09:41:58.734,sell,2.947,800,limit
20240207,SH.510050,09:41:58.406,sell,2.95,2500,limit
20240207,SH.510050,09:41:57.307,buy,2.946,500,market
20240207,SH.510050,09:42:01.589,sell,2.95,100,limit
20240207,SH.510050,09:42:02.865,sell,2.943,4000,market
20240207,SH.510050,09:42:00.910,buy,2.943,600,limit
20240207,SH.510050,09:42:01.706,sell,2.943,900,market
20240207,SH.510050,09:42:05.178,sell,2.944,500,limit
20240207,SH.510050,09:42:04.869,buy,2.941,2000,limit
20240207,SH.510050,09:42:03.749,buy,2.936,1200,stop
20240207,SH.510050,09:42:06.977,sell,2.948,400,limit
20240207,SH.510050,09:42:08.297,sell,2.942,300,market
20240207,SH.510050,09:42:06.980,sell,2.945,400,limit
20240207,SH.510050,09:42:06.816,buy,2.928,1000,stop
20240207,SH.510050,09:42:06.641,buy,2.938,600,limit
20240207,SH.510050,09:42:08.607,buy,2.94,1500,limit
20240207,SH.510050,09:42:09.288,buy,2.944,400,market
20240207,SH.510050,09:42:11.716,sell,2.94,500,market
20240207,SH.510050,09:42:11.213,buy,2.938,400,limit
20240207,SH.510050,09:42:11.151,buy,2.936,900,limit
20240207,SH.510050,09:42:13.430,buy,2.94,800,limit
20240207,SH.510050,09:42:13.996,buy,2.943,4000,market
20240207,SH.510050,09:42:13.142,sell,2.958,1000,stop
20240207,SH.510050,09:42:13.630,sell,2.941,1200,market
20240207,SH.510050,09:42:14.394,sell,2.946,5000,limit
20240207,SH.510050,09:42:12.548,buy,2.941,1200,limit
20240207,SH.510050,09:42:14.163,buy,2.943,900,market
20240207,SH.510050,09:42:13.445,sell,2.945,1500,limit
20240207,SH.510050,09:42:16.751,buy,2.936,3000,limit
20240207,SH.510050,09:42:15.773,sell,2.95,1000,stop
20240207,SH.510050,09:42:17.922,sell,2.939,2500,market
20240207,SH.510050,09:42:17.952,buy,2.939,4000,limit
20240207,SH.510050,09:42:18.438,sell,2.945,5000,limit
20240207,SH.510050,09:42:18.086,sell,2.949,1500,stop
20240207,SH.510050,09:42:19.581,buy,2.942,1500,market
20240207,SH.510050,09:42:19.498,sell,2.947,500,limit
20240207,SH.510050,09:42:21.822,sell,2.945,300,limit
20240207,SH.510050,09:42:22.144,buy,2.937,600,limit
20240207,SH.510050,09:42:23.803,sell,2.945,300,limit
20240207,SH.510050,09:42:21.343,buy,2.941,300,limit
20240207,SH.510050,09:42:25.072,sell,2.94,1000,market
20240207,SH.510050,09:42:24.733,sell,2.946,600,limit
20240207,SH.510050,09:42:24.508,sell,2.947,1500,limit
20240207,SH.510050,09:42:24.759,sell,2.94,1000,market
20240207,SH.510050,09:42:29.202,sell,2.94,500,market
20240207,SH.510050,09:42:29.737,sell,2.947,300,limit
20240207,SH.510050,09:42:29.053,buy,2.945,300,market
20240207,SH.510050,09:42:27.655,buy,2.94,800,limit
20240207,SH.510050,09:42:29.991,sell,2.946,2000,limit
20240207,SH.510050,09:42:29.560,sell,2.947,500,limit
20240207,SH.510050,09:42:32.013,sell,2.939,900,market
20240207,SH.510050,09:42:32.574,sell,2.946,300,limit
20240207,SH.510050,09:42:30.291,sell,2.941,1000,market
20240207,SH.510050,09:42:30.900,sell,2.95,400,stop
20240207,SH.510050,09:42:32.827,buy,2.94,3000,limit
20240207,SH.510050,09:42:30.640,buy,2.942,500,market
20240207,SH.510050,09:42:30.856,buy,2.937,800,limit
20240207,SH.510050,09:42:30.253,buy,2.938,300,limit
20240207,SH.510050,09:42:33.893,sell,2.939,400,market
20240207,SH.510050,09:42:33.340,buy,2.94,3000,market
20240207,SH.510050,09:42:35.247,sell,2.945,1200,limit
20240207,SH.510050,09:42:35.757,buy,2.94,100,market
20240207,SH.510050,09:42:38.829,buy,2.939,1500,limit
20240207,SH.510050,09:42:36.101,buy,2.938,2000,limit
20240207,SH.510050,09:42:38.291,buy,2.943,300,market
20240207,SH.510050,09:42:36.358,buy,2.936,400,limit
20240207,SH.510050,09:42:36.836,buy,2.939,1000,limit
20240207,SH.510050,09:42:36.577,sell,2.945,1000,limit
20240207,SH.510050,09:42:38.280,sell,2.945,1500,limit
20240207,SH.510050,09:42:39.715,sell,2.942,600,limit
20240207,SH.510050,09:42:39.033,buy,2.938,600,limit
20240207,SH.510050,09:42:40.192,sell,2.94,200,market
20240207,SH.510050,09:42:40.103,sell,2.946,400,limit
20240207,SH.510050,09:42:40.336,buy,2.935,400,limit
20240207,SH.510050,09:42:41.984,buy,2.936,1000,limit
20240207,SH.510050,09:42:39.102,buy,2.938,500,limit
20240207,SH.510050,09:42:41.939,sell,2.939,4000,market
20240207,SH.510050,09:42:44.495,sell,2.942,2000,limit
20240207,SH.510050,09:42:44.723,sell,2.942,1200,limit
20240207,SH.510050,09:42:44.226,buy,2.94,1500,market
20240207,SH.510050,09:42:42.982,sell,2.945,900,limit
20240207,SH.510050,09:42:44.053,buy,2.942,500,market
20240207,SH.510050,09:42:43.021,sell,2.945,800,limit
20240207,SH.510050,09:42:45.562,sell,2.942,1200,limit
20240207,SH.510050,09:42:45.451,sell,2.942,600,limit
20240207,SH.510050,09:42:45.234,sell,2.944,500,limit
20240207,SH.510050,09:42:45.253,sell,2.943,1000,limit
20240207,SH.510050,09:42:45.487,buy,2.936,1000,limit
20240207,SH.510050,09:42:46.362,buy,2.941,600,market
20240207,SH.510050,09:42:46.446,buy,2.938,300,limit
20240207,SH.510050,09:42:48.085,sell,2.941,600,limit
20240207,SH.510050,09:42:49.824,sell,2.943,1000,limit
20240207,SH.510050,09:42:50.672,buy,2.934,2000,limit
20240207,SH.510050,09:42:49.510,sell,2.937,2000,market
20240207,SH.510050,09:42:53.264,sell,2.94,300,limit
20240207,SH.510050,09:42:53.124,buy,2.94,5000,market
20240207,SH.510050,09:42:52.496,buy,2.933,500,limit
20240207,SH.510050,09:42:51.952,sell,2.944,1000,limit
20240207,SH.510050,09:42:51.780,sell,2.937,1500,market
20240207,SH.510050,09:42:51.264,buy,2.937,1200,limit
20240207,SH.510050,09:42:52.212,sell,2.936,400,market
20240207,SH.510050,09:42:56.443,buy,2.934,300,limit
20240207,SH.510050,09:42:56.480,buy,2.938,500,market
20240207,SH.510050,09:42:55.492,buy,2.922,600,stop
20240207,SH.510050,09:42:54.849,sell,2.937,800,market
20240207,SH.510050,09:42:56.326,buy,2.933,100,limit
20240207,SH.510050,09:42:57.391,buy,2.941,2500,market
20240207,SH.510050,09:42:59.533,sell,2.944,100,limit
20240207,SH.510050,09:42:59.017,buy,2.937,500,limit
20240207,SH.510050,09:42:58.295,sell,2.948,200,stop
20240207,SH.510050,09:42:57.866,buy,2.933,1000,limit
20240207,SH.510050,09:43:02.576,buy,2.941,100,market
20240207,SH.510050,09:43:01.013,sell,2.94,300,limit
20240207,SH.510050,09:43:01.521,sell,2.94,200,limit
20240207,SH.510050,09:43:00.870,sell,2.94,1000,limit
20240207,SH.510050,09:43:01.698,buy,2.939,200,market
20240207,SH.510050,09:43:03.190,buy,2.941,400,market
20240207,SH.510050,09:43:05.601,buy,2.94,1500,market
20240207,SH.510050,09:43:03.199,buy,2.933,300,limit
20240207,SH.510050,09:43:04.698,buy,2.935,300,limit
20240207,SH.510050,09:43:05.873,buy,2.935,800,limit
20240207,SH.510050,09:43:04.823,buy,2.932,4000,stop
20240207,SH.510050,09:43:06.553,sell,2.941,2000,limit
20240207,SH.510050,09:43:08.066,sell,2.953,600,stop
20240207,SH.510050,09:43:06.739,sell,2.95,5000,stop
20240207,SH.510050,09:43:06.616,sell,2.938,1500,market
20240207,SH.510050,09:43:06.007,sell,2.938,400,market
20240207,SH.510050,09:43:07.622,sell,2.944,400,limit
20240207,SH.510050,09:43:11.633,sell,2.938,1500,market
20240207,SH.510050,09:43:10.490,buy,2.936,400,limit
20240207,SH.510050,09:43:11.851,sell,2.944,500,limit
20240207,SH.510050,09:43:11.356,buy,2.933,2000,limit
20240207,SH.510050,09:43:10.645,buy,2.936,600,limit
20240207,SH.510050,09:43:09.188,sell,2.941,1000,limit
20240207,SH.510050,09:43:13.881,sell,2.94,3000,limit
20240207,SH.510050,09:43:14.787,sell,2.94,800,limit
20240207,SH.510050,09:43:14.079,sell,2.944,1200,limit
20240207,SH.510050,09:43:16.254,sell,2.943,300,limit
20240207,SH.510050,09:43:17.133,buy,2.936,1000,limit
20240207,SH.510050,09:43:17.819,buy,2.937,2500,limit
20240207,SH.510050,09:43:17.285,buy,2.935,400,limit
20240207,SH.510050,09:43:20.093,sell,2.939,400,limit
20240207,SH.510050,09:43:18.535,buy,2.94,1000,market
20240207,SH.510050,09:43:18.796,buy,2.94,1000,market
20240207,SH.510050,09:43:19.379,sell,2.935,600,market
20240207,SH.510050,09:43:19.740,sell,2.94,900,limit
20240207,SH.510050,09:43:18.672,sell,2.935,100,market
20240207,SH.510050,09:43:18.863,buy,2.934,500,limit
20240207,SH.510050,09:43:23.459,buy,2.934,600,limit
20240207,SH.510050,09:43:23.639,buy,2.935,1000,limit
20240207,SH.510050,09:43:21.907,sell,2.934,200,market
20240207,SH.510050,09:43:23.753,buy,2.931,1000,limit
20240207,SH.510050,09:43:21.694,buy,2.932,1500,limit
20240207,SH.510050,09:43:25.098,sell,2.941,1200,limit
20240207,SH.510050,09:43:25.895,buy,2.934,600,limit
20240207,SH.510050,09:43:25.119,buy,2.938,1000,market
20240207,SH.510050,09:43:29.871,buy,2.935,1000,limit
20240207,SH.510050,09:43:27.332,sell,2.943,500,limit
20240207,SH.510050,09:43:27.317,buy,2.936,100,limit
20240207,SH.510050,09:43:28.928,sell,2.942,600,limit
20240207,SH.510050,09:43:29.673,sell,2.942,300,limit
20240207,SH.510050,09:43:29.721,sell,2.954,400,stop
20240207,SH.510050,09:43:31.528,buy,2.934,2500,limit
20240207,SH.510050,09:43:31.274,buy,2.94,4000,market
20240207,SH.510050,09:43:30.286,buy,2.939,1000,market
20240207,SH.510050,09:43:30.481,buy,2.937,800,limit
20240207,SH.510050,09:43:31.281,buy,2.939,5000,market
20240207,SH.510050,09:43:32.680,sell,2.936,400,market
20240207,SH.510050,09:43:35.424,buy,2.933,2000,stop
20240207,SH.510050,09:43:35.858,buy,2.937,600,limit
20240207,SH.510050,09:43:33.224,sell,2.945,200,limit
20240207,SH.510050,09:43:38.111,buy,2.936,5000,limit
20240207,SH.510050,09:43:37.506,sell,2.938,2000,market
20240207,SH.510050,09:43:38.954,buy,2.935,300,limit
20240207,SH.510050,09:43:40.981,sell,2.941,1000,limit
20240207,SH.510050,09:43:41.528,sell,2.937,800,market
20240207,SH.510050,09:43:41.822,buy,2.94,1200,market
20240207,SH.510050,09:43:39.198,buy,2.937,2000,limit
20240207,SH.510050,09:43:43.496,sell,2.943,2500,limit
20240207,SH.510050,09:43:42.810,sell,2.942,2000,limit
20240207,SH.510050,09:43:43.432,buy,2.934,2000,limit
20240207,SH.510050,09:43:42.966,buy,2.935,100,limit
20240207,SH.510050,09:43:47.960,sell,2.944,2000,limit
20240207,SH.510050,09:43:46.056,sell,2.953,600,stop
20240207,SH.510050,09:43:45.294,sell,2.94,800,limit
20240207,SH.510050,09:43:46.140,sell,2.942,200,limit
20240207,SH.510050,09:43:47.137,sell,2.937,1000,market
20240207,SH.510050,09:43:50.014,buy,2.936,600,limit
20240207,SH.510050,09:43:50.602,sell,2.937,2500,market
20240207,SH.510050,09:43:49.158,sell,2.937,1200,market
20240207,SH.510050,09:43:49.790,sell,2.938,200,market
20240207,SH.510050,09:43:48.733,buy,2.939,200,market
20240207,SH.510050,09:43:50.378,buy,2.936,2000,limit
20240207,SH.510050,09:43:53.555,sell,2.944,300,limit
20240207,SH.510050,09:43:53.325,sell,2.938,100,market
20240207,SH.510050,09:43:51.558,buy,2.935,500,limit
20240207,SH.510050,09:43:52.214,sell,2.938,600,market
20240207,SH.510050,09:43:52.065,buy,2.934,1200,limit
20240207,SH.510050,09:43:55.231,sell,2.942,1000,limit
20240207,SH.510050,09:43:55.468,sell,2.936,200,market
20240207,SH.510050,09:43:55.011,sell,2.937,1500,market
20240207,SH.510050,09:43:56.543,sell,2.938,600,market
20240207,SH.510050,09:43:54.394,buy,2.941,2000,market
20240207,SH.510050,09:43:54.618,buy,2.934,4000,limit
20240207,SH.510050,09:43:58.392,buy,2.941,300,market
20240207,SH.510050,09:43:59.569,sell,2.942,4000,limit
20240207,SH.510050,09:43:58.589,sell,2.938,400,market
20240207,SH.510050,09:43:57.248,buy,2.936,400,limit
20240207,SH.510050,09:43:59.187,sell,2.944,1000,limit
20240207,SH.510050,09:43:59.720,sell,2.941,1000,limit
20240207,SH.510050,09:43:57.573,buy,2.94,4000,market
20240207,SH.510050,09:44:01.221,sell,2.941,1000,limit
20240207,SH.510050,09:44:01.599,sell,2.939,500,limit
20240207,SH.510050,09:44:00.272,buy,2.934,1000,limit
20240207,SH.510050,09:44:04.956,buy,2.933,1000,limit
20240207,SH.510050,09:44:03.682,buy,2.935,300,limit
20240207,SH.510050,09:44:04.145,sell,2.94,1200,limit
20240207,SH.510050,09:44:05.650,buy,2.931,800,limit
20240207,SH.510050,09:44:05.184,buy,2.932,200,limit
20240207,SH.510050,09:44:03.025,buy,2.934,600,limit
20240207,SH.510050,09:44:04.270,buy,2.939,100,market
20240207,SH.510050,09:44:05.326,sell,2.935,1500,market
20240207,SH.510050,09:44:06.920,buy,2.932,600,limit
20240207,SH.510050,09:44:08.972,sell,2.935,1500,market
20240207,SH.510050,09:44:06.572,sell,2.937,300,market
20240207,SH.510050,09:44:11.068,sell,2.939,1000,limit
20240207,SH.510050,09:44:11.312,buy,2.935,500,limit
20240207,SH.510050,09:44:11.867,sell,2.944,1500,stop
20240207,SH.510050,09:44:12.329,sell,2.943,2500,limit
20240207,SH.510050,09:44:12.125,sell,2.936,1500,market
20240207,SH.510050,09:44:13.437,buy,2.938,300,market
20240207,SH.510050,09:44:16.683,sell,2.942,2000,limit
20240207,SH.510050,09:44:16.459,buy,2.927,600,stop
20240207,SH.510050,09:44:15.695,sell,2.943,1000,limit
20240207,SH.510050,09:44:19.940,buy,2.932,1200,limit
20240207,SH.510050,09:44:19.074,buy,2.934,2000,limit
20240207,SH.510050,09:44:18.655,buy,2.935,3000,limit
20240207,SH.510050,09:44:18.564,sell,2.942,800,limit
20240207,SH.510050,09:44:23.476,buy,2.934,2500,limit
20240207,SH.510050,09:44:21.694,sell,2.941,1000,limit
20240207,SH.510050,09:44:21.301,buy,2.933,1000,limit
20240207,SH.510050,09:44:21.778,buy,2.936,1200,limit
20240207,SH.510050,09:44:23.815,sell,2.938,5000,market
20240207,SH.510050,09:44:22.157,buy,2.939,2500,market
20240207,SH.510050,09:44:22.761,sell,2.938,900,market
20240207,SH.510050,09:44:22.477,sell,2.937,4000,market
20240207,SH.510050,09:44:25.099,buy,2.941,400,market
20240207,SH.510050,09:44:26.139,sell,2.944,1000,limit
20240207,SH.510050,09:44:24.667,sell,2.944,2000,limit
20240207,SH.510050,09:44:26.260,sell,2.937,400,market
20240207,SH.510050,09:44:25.266,sell,2.945,3000,limit
20240207,SH.510050,09:44:24.993,buy,2.94,500,market
20240207,SH.510050,09:44:26.960,buy,2.928,4000,stop
20240207,SH.510050,09:44:27.449,sell,2.94,500,market
20240207,SH.510050,09:44:28.991,buy,2.942,900,market
20240207,SH.510050,09:44:27.652,sell,2.94,200,market
20240207,SH.510050,09:44:30.321,sell,2.944,5000,limit
20240207,SH.510050,09:44:32.737,sell,2.94,2000,market
20240207,SH.510050,09:44:32.810,sell,2.946,2000,limit
20240207,SH.510050,09:44:32.052,sell,2.945,500,limit
20240207,SH.510050,09:44:31.537,sell,2.947,5000,limit
20240207,SH.510050,09:44:31.280,sell,2.939,500,market
20240207,SH.510050,09:44:32.709,sell,2.945,2500,limit
20240207,SH.510050,09:44:33.619,sell,2.94,3000,market
20240207,SH.510050,09:44:35.831,sell,2.945,500,limit
20240207,SH.510050,09:44:33.653,buy,2.939,300,limit
20240207,SH.510050,09:44:33.155,sell,2.942,1500,limit
20240207,SH.510050,09:44:37.318,sell,2.944,300,limit
20240207,SH.510050,09:44:37.697,buy,2.94,500,market
20240207,SH.510050,09:44:37.247,buy,2.94,1000,market
20240207,SH.510050,09:44:36.246,sell,2.944,400,limit
20240207,SH.510050,09:44:36.025,sell,2.946,900,stop
20240207,SH.510050,09:44:40.622,sell,2.95,300,stop
20240207,SH.510050,09:44:39.808,buy,2.937,5000,limit
20240207,SH.510050,09:44:41.430,buy,2.938,200,limit
20240207,SH.510050,09:44:40.963,buy,2.937,100,limit
20240207,SH.510050,09:44:40.556,sell,2.945,200,limit
20240207,SH.510050,09:44:41.122,sell,2.938,2500,market
20240207,SH.510050,09:44:41.203,buy,2.935,900,limit
20240207,SH.510050,09:44:39.911,sell,2.944,1000,limit
20240207,SH.510050,09:44:43.904,buy,2.942,1500,market
20240207,SH.510050,09:44:44.199,buy,2.935,3000,limit
20240207,SH.510050,09:44:42.882,buy,2.937,800,limit
20240207,SH.510050,09:44:43.747,buy,2.938,2000,limit
20240207,SH.510050,09:44:47.846,buy,2.937,5000,limit
20240207,SH.510050,09:44:46.710,buy,2.931,400,stop
20240207,SH.510050,09:44:47.928,sell,2.937,1500,market
20240207,SH.510050,09:44:49.879,buy,2.934,1000,limit
20240207,SH.510050,09:44:49.188,buy,2.936,2500,limit
20240207,SH.510050,09:44:49.145,sell,2.942,300,limit
20240207,SH.510050,09:44:53.882,sell,2.941,800,limit
20240207,SH.510050,09:44:52.847,buy,2.932,600,limit
20240207,SH.510050,09:44:52.796,buy,2.931,400,limit
20240207,SH.510050,09:44:53.508,buy,2.935,2000,limit
20240207,SH.510050,09:44:53.446,sell,2.942,200,limit
20240207,SH.510050,09:44:52.772,sell,2.94,600,limit
20240207,SH.510050,09:44:52.589,sell,2.941,500,limit
20240207,SH.510050,09:44:53.573,sell,2.942,200,limit
20240207,SH.510050,09:44:54.159,buy,2.938,1000,market
20240207,SH.510050,09:44:56.295,sell,2.94,200,limit
20240207,SH.510050,09:44:55.986,sell,2.937,2500,market
20240207,SH.510050,09:44:55.385,sell,2.937,900,market
20240207,SH.510050,09:44:56.938,sell,2.94,900,limit
20240207,SH.510050,09:44:55.888,buy,2.933,1200,limit
20240207,SH.510050,09:44:56.254,buy,2.932,200,limit
20240207,SH.510050,09:44:59.464,buy,2.939,2000,market
20240207,SH.510050,09:44:59.822,sell,2.941,200,limit
20240207,SH.510050,09:44:59.935,buy,2.933,600,limit
20240207,SH.510050,09:44:59.848,buy,2.94,400,market
20240207,SH.510050,09:44:58.408,sell,2.94,1000,limit
20240207,SH.510050,09:45:00.690,buy,2.937,1000,market
20240207,SH.510050,09:45:01.679,sell,2.936,200,market
20240207,SH.510050,09:45:00.897,buy,2.933,2000,limit
20240207,SH.510050,09:45:02.273,sell,2.936,1000,market
20240207,SH.510050,09:45:02.345,buy,2.935,100,limit
20240207,SH.510050,09:45:00.160,sell,2.939,1000,limit
20240207,SH.510050,09:45:00.428,sell,2.938,1200,limit
20240207,SH.510050,09:45:05.278,buy,2.939,300,market
20240207,SH.510050,09:45:04.979,sell,2.942,600,limit
20240207,SH.510050,09:45:05.889,sell,2.937,1500,market
20240207,SH.510050,09:45:03.260,buy,2.935,600,limit
20240207,SH.510050,09:45:07.517,buy,2.934,5000,limit
20240207,SH.510050,09:45:06.248,sell,2.944,200,limit
20240207,SH.510050,09:45:07.471,sell,2.942,1000,limit
20240207,SH.510050,09:45:08.663,buy,2.936,2500,limit
20240207,SH.510050,09:45:07.319,sell,2.936,1500,market
20240207,SH.510050,09:45:06.473,buy,2.923,1200,stop
20240207,SH.510050,09:45:11.722,sell,2.939,600,market
20240207,SH.510050,09:45:10.680,sell,2.938,1000,market
20240207,SH.510050,09:45:11.787,buy,2.929,900,stop
20240207,SH.510050,09:45:09.906,buy,2.934,400,limit
20240207,SH.510050,09:45:09.907,sell,2.944,1200,limit
20240207,SH.510050,09:45:10.135,buy,2.935,500,limit
20240207,SH.510050,09:45:11.538,buy,2.941,900,market
20240207,SH.510050,09:45:13.690,sell,2.94,1000,market
20240207,SH.510050,09:45:13.796,sell,2.939,600,market
20240207,SH.510050,09:45:12.378,buy,2.938,400,limit
20240207,SH.510050,09:45:15.831,buy,2.935,2500,limit
20240207,SH.510050,09:45:15.841,buy,2.936,4000,limit
20240207,SH.510050,09:45:15.004,buy,2.936,600,limit
20240207,SH.510050,09:45:15.074,buy,2.935,1000,limit
20240207,SH.510050,09:45:16.797,sell,2.939,300,market
20240207,SH.510050,09:45:16.507,buy,2.942,400,market
20240207,SH.510050,09:45:20.923,buy,2.938,600,limit
20240207,SH.510050,09:45:20.478,sell,2.945,1500,limit
20240207,SH.510050,09:45:20.666,sell,2.953,500,stop
20240207,SH.510050,09:45:19.745,buy,2.936,200,limit
20240207,SH.510050,09:45:19.727,sell,2.941,2000,limit
20240207,SH.510050,09:45:19.678,sell,2.937,500,market
20240207,SH.510050,09:45:18.293,sell,2.941,200,limit
20240207,SH.510050,09:45:18.378,sell,2.942,400,limit
20240207,SH.510050,09:45:22.804,sell,2.941,200,limit
20240207,SH.510050,09:45:21.840,buy,2.926,800,stop
20240207,SH.510050,09:45:22.575,buy,2.936,600,limit
20240207,SH.510050,09:45:23.224,buy,2.938,300,limit
20240207,SH.510050,09:45:25.898,buy,2.938,2000,limit
20240207,SH.510050,09:45:25.248,sell,2.94,2500,market
20240207,SH.510050,09:45:24.139,buy,2.939,300,limit
20240207,SH.510050,09:45:28.117,buy,2.941,200,market
20240207,SH.510050,09:45:29.268,buy,2.939,1500,limit
20240207,SH.510050,09:45:27.179,sell,2.938,1000,market
20240207,SH.510050,09:45:31.986,buy,2.935,200,limit
20240207,SH.510050,09:45:30.588,sell,2.948,300,stop
20240207,SH.510050,09:45:32.793,sell,2.941,600,limit
20240207,SH.510050,09:45:35.911,buy,2.938,2000,limit
20240207,SH.510050,09:45:35.873,buy,2.937,1000,limit
20240207,SH.510050,09:45:33.126,sell,2.939,3000,market
20240207,SH.510050,09:45:38.675,buy,2.943,200,market
20240207,SH.510050,09:45:36.677,buy,2.943,200,market
20240207,SH.510050,09:45:36.824,sell,2.943,400,limit
20240207,SH.510050,09:45:38.337,sell,2.945,4000,limit
20240207,SH.510050,09:45:38.823,sell,2.944,300,limit
20240207,SH.510050,09:45:38.410,buy,2.941,5000,market
20240207,SH.510050,09:45:38.494,sell,2.942,600,limit
20240207,SH.510050,09:45:38.678,buy,2.935,500,limit
20240207,SH.510050,09:45:40.872,sell,2.942,600,limit
20240207,SH.510050,09:45:41.228,sell,2.938,900,market
20240207,SH.510050,09:45:39.940,buy,2.94,200,market
20240207,SH.510050,09:45:40.122,sell,2.945,1000,limit
20240207,SH.510050,09:45:43.086,sell,2.938,500,market
20240207,SH.510050,09:45:44.393,sell,2.937,3000,market
20240207,SH.510050,09:45:42.093,sell,2.943,2000,limit
20240207,SH.510050,09:45:44.736,buy,2.935,200,limit
20240207,SH.510050,09:45:43.145,buy,2.94,900,market
20240207,SH.510050,09:45:44.235,sell,2.937,200,market
20240207,SH.510050,09:45:46.563,sell,2.937,800,market
20240207,SH.510050,09:45:46.585,sell,2.941,100,limit
20240207,SH.510050,09:45:45.788,buy,2.938,500,limit
20240207,SH.510050,09:45:46.499,sell,2.944,1500,limit
20240207,SH.510050,09:45:45.535,buy,2.935,200,limit
20240207,SH.510050,09:45:45.923,buy,2.942,3000,market
20240207,SH.510050,09:45:47.988,buy,2.94,400,market
20240207,SH.510050,09:45:46.084,sell,2.944,1500,limit
20240207,SH.510050,09:45:48.634,sell,2.941,1000,limit
20240207,SH.510050,09:45:50.837,sell,2.942,600,limit
20240207,SH.510050,09:45:48.860,sell,2.937,2500,market
20240207,SH.510050,09:45:50.405,sell,2.937,500,market
20240207,SH.510050,09:45:49.329,sell,2.943,400,limit
20240207,SH.510050,09:45:52.162,sell,2.937,3000,market
20240207,SH.510050,09:45:52.086,buy,2.934,1000,limit
20240207,SH.510050,09:45:51.574,buy,2.933,800,limit
20240207,SH.510050,09:45:53.494,buy,2.933,300,limit
20240207,SH.510050,09:45:51.393,buy,2.935,1500,limit
20240207,SH.510050,09:45:53.994,sell,2.939,2000,limit
20240207,SH.510050,09:45:53.139,sell,2.936,400,market
20240207,SH.510050,09:45:52.538,sell,2.94,800,limit
20240207,SH.510050,09:45:56.754,buy,2.936,1000,limit
20240207,SH.510050,09:45:54.100,sell,2.943,400,limit
20240207,SH.510050,09:45:56.937,buy,2.939,600,market
20240207,SH.510050,09:45:56.159,buy,2.934,1000,limit
20240207,SH.510050,09:45:56.917,sell,2.941,200,limit
20240207,SH.510050,09:45:54.124,buy,2.939,200,market
20240207,SH.510050,09:45:59.559,sell,2.934,600,market
20240207,SH.510050,09:45:57.152,sell,2.934,4000,market
20240207,SH.510050,09:45:59.308,buy,2.93,1500,stop
20240207,SH.510050,09:45:59.513,sell,2.94,200,limit
20240207,SH.510050,09:45:59.954,sell,2.934,1000,market
20240207,SH.510050,09:45:59.679,sell,2.939,1000,limit
20240207,SH.510050,09:46:02.506,sell,2.941,200,limit
20240207,SH.510050,09:46:01.995,buy,2.931,1500,limit
20240207,SH.510050,09:46:01.421,buy,2.931,1200,limit
20240207,SH.510050,09:46:03.562,sell,2.936,5000,market
20240207,SH.510050,09:46:05.365,buy,2.929,1500,stop
20240207,SH.510050,09:46:04.390,sell,2.94,400,limit
20240207,SH.510050,09:46:03.313,sell,2.938,5000,limit
20240207,SH.510050,09:46:03.683,sell,2.938,500,limit
20240207,SH.510050,09:46:04.401,buy,2.937,2000,market
20240207,SH.510050,09:46:04.073,buy,2.933,4000,limit
20240207,SH.510050,09:46:05.947,sell,2.94,400,limit
20240207,SH.510050,09:46:07.745,sell,2.94,4000,limit
20240207,SH.510050,09:46:06.329,sell,2.942,4000,limit
20240207,SH.510050,09:46:06.349,buy,2.933,1000,limit
20240207,SH.510050,09:46:10.530,sell,2.942,1200,limit
20240207,SH.510050,09:46:11.011,buy,2.931,5000,limit
20240207,SH.510050,09:46:10.909,buy,2.932,2000,limit
20240207,SH.510050,09:46:11.498,sell,2.938,1500,limit
20240207,SH.510050,09:46:11.648,sell,2.94,300,limit
20240207,SH.510050,09:46:11.815,buy,2.938,1500,market
20240207,SH.510050,09:46:09.101,sell,2.941,5000,limit
20240207,SH.510050,09:46:12.709,sell,2.943,1000,limit
20240207,SH.510050,09:46:14.407,buy,2.934,200,limit
20240207,SH.510050,09:46:13.961,sell,2.937,900,market
20240207,SH.510050,09:46:13.593,buy,2.94,2500,market
20240207,SH.510050,09:46:13.331,buy,2.938,500,market
20240207,SH.510050,09:46:13.333,buy,2.939,4000,market
20240207,SH.510050,09:46:14.191,buy,2.935,300,limit
20240207,SH.510050,09:46:16.018,sell,2.942,1000,limit
20240207,SH.510050,09:46:16.188,buy,2.942,300,market
20240207,SH.510050,09:46:16.535,buy,2.942,2000,market
20240207,SH.510050,09:46:16.351,buy,2.936,400,limit
20240207,SH.510050,09:46:17.601,sell,2.937,2000,market
20240207,SH.510050,09:46:16.313,buy,2.94,800,market
20240207,SH.510050,09:46:18.859,buy,2.938,1500,limit
20240207,SH.510050,09:46:18.967,sell,2.953,400,stop
20240207,SH.510050,09:46:20.356,sell,2.94,500,market
20240207,SH.510050,09:46:21.389,sell,2.941,200,limit
20240207,SH.510050,09:46:23.952,sell,2.943,600,limit
20240207,SH.510050,09:46:23.398,sell,2.941,2000,limit
20240207,SH.510050,09:46:23.059,sell,2.937,1500,market
20240207,SH.510050,09:46:22.305,buy,2.929,4000,stop
20240207,SH.510050,09:46:26.933,buy,2.938,400,limit
20240207,SH.510050,09:46:25.948,buy,2.927,800,stop
20240207,SH.510050,09:46:25.918,buy,2.942,1000,market
20240207,SH.510050,09:46:25.816,buy,2.935,1000,limit
20240207,SH.510050,09:46:25.709,buy,2.937,4000,limit
20240207,SH.510050,09:46:28.348,sell,2.943,500,limit
20240207,SH.510050,09:46:29.227,sell,2.944,600,limit
20240207,SH.510050,09:46:28.265,sell,2.942,200,limit
20240207,SH.510050,09:46:27.667,buy,2.935,300,limit
20240207,SH.510050,09:46:27.444,buy,2.938,500,limit
20240207,SH.510050,09:46:30.073,buy,2.937,200,limit
20240207,SH.510050,09:46:30.329,sell,2.945,1500,limit
20240207,SH.510050,09:46:32.097,buy,2.934,2500,limit
20240207,SH.510050,09:46:30.164,sell,2.939,500,market
20240207,SH.510050,09:46:30.865,buy,2.941,2500,market
20240207,SH.510050,09:46:32.109,sell,2.943,1000,limit
20240207,SH.510050,09:46:35.175,buy,2.941,1200,market
20240207,SH.510050,09:46:35.251,buy,2.936,900,limit
20240207,SH.510050,09:46:33.317,buy,2.94,5000,market
20240207,SH.510050,09:46:34.657,sell,2.941,500,limit
20240207,SH.510050,09:46:33.129,buy,2.933,5000,limit
20240207,SH.510050,09:46:33.227,sell,2.943,2000,limit
20240207,SH.510050,09:46:37.767,sell,2.938,1000,market
20240207,SH.510050,09:46:37.697,sell,2.943,1000,limit
20240207,SH.510050,09:46:36.260,buy,2.932,200,stop
20240207,SH.510050,09:46:38.659,buy,2.937,1000,limit
20240207,SH.510050,09:46:39.925,sell,2.937,600,market
20240207,SH.510050,09:46:40.269,sell,2.939,200,limit
20240207,SH.510050,09:46:40.255,sell,2.943,300,limit
20240207,SH.510050,09:46:42.330,buy,2.934,1500,limit
20240207,SH.510050,09:46:44.940,buy,2.936,300,limit
20240207,SH.510050,09:46:43.116,sell,2.942,1500,limit
20240207,SH.510050,09:46:47.133,buy,2.931,1000,limit
20240207,SH.510050,09:46:45.009,sell,2.934,1500,market
20240207,SH.510050,09:46:46.427,sell,2.938,600,limit
20240207,SH.510050,09:46:49.888,buy,2.937,400,market
20240207,SH.510050,09:46:50.623,buy,2.929,300,limit
20240207,SH.510050,09:46:50.690,buy,2.933,300,limit
20240207,SH.510050,09:46:49.641,buy,2.93,2500,limit
20240207,SH.510050,09:46:53.168,buy,2.932,500,limit
20240207,SH.510050,09:46:51.465,buy,2.935,5000,market
20240207,SH.510050,09:46:52.698,sell,2.932,1200,market
20240207,SH.510050,09:46:51.615,sell,2.933,1500,market
20240207,SH.510050,09:46:52.085,sell,2.937,900,limit
20240207,SH.510050,09:46:55.683,sell,2.937,5000,limit
20240207,SH.510050,09:46:55.731,buy,2.927,2500,stop
20240207,SH.510050,09:46:54.520,sell,2.932,1500,market
20240207,SH.510050,09:46:54.702,buy,2.934,1000,market
20240207,SH.510050,09:46:55.666,sell,2.938,3000,limit
20240207,SH.510050,09:46:55.920,buy,2.935,600,market
20240207,SH.510050,09:46:59.882,buy,2.935,1500,market
20240207,SH.510050,09:46:58.882,buy,2.928,400,limit
20240207,SH.510050,09:46:59.545,buy,2.929,100,limit
20240207,SH.510050,09:46:57.637,sell,2.939,5000,limit
20240207,SH.510050,09:46:57.199,buy,2.93,1200,limit
20240207,SH.510050,09:46:58.197,sell,2.937,500,limit
20240207,SH.510050,09:46:57.947,sell,2.942,2000,stop
20240207,SH.510050,09:46:59.951,sell,2.937,1000,limit
20240207,SH.510050,09:47:01.251,buy,2.927,600,stop
20240207,SH.510050,09:47:01.900,buy,2.932,800,limit
20240207,SH.510050,09:47:00.238,buy,2.923,1500,stop
20240207,SH.510050,09:47:00.318,sell,2.933,500,market
20240207,SH.510050,09:47:02.308,sell,2.936,800,limit
20240207,SH.510050,09:47:01.514,sell,2.934,200,market
20240207,SH.510050,09:47:02.630,buy,2.933,600,limit
20240207,SH.510050,09:47:01.583,buy,2.933,200,limit
20240207,SH.510050,09:47:03.711,sell,2.932,400,market
20240207,SH.510050,09:47:03.221,buy,2.936,800,market
20240207,SH.510050,09:47:03.124,buy,2.93,400,limit
20240207,SH.510050,09:47:07.071,buy,2.931,200,limit
20240207,SH.510050,09:47:08.411,buy,2.927,2000,limit
20240207,SH.510050,09:47:07.775,sell,2.932,300,market
20240207,SH.510050,09:47:07.807,sell,2.936,500,limit
20240207,SH.510050,09:47:06.954,sell,2.936,1500,limit
20240207,SH.510050,09:47:06.520,buy,2.93,1000,limit
20240207,SH.510050,09:47:09.862,buy,2.928,100,limit
20240207,SH.510050,09:47:11.621,buy,2.932,1500,market
20240207,SH.510050,09:47:09.093,buy,2.923,2000,stop
20240207,SH.510050,09:47:11.015,buy,2.934,300,market
20240207,SH.510050,09:47:11.018,buy,2.929,400,limit
20240207,SH.510050,09:47:10.931,sell,2.933,400,limit
20240207,SH.510050,09:47:13.568,sell,2.93,300,market
20240207,SH.510050,09:47:12.541,sell,2.931,800,market
20240207,SH.510050,09:47:13.488,sell,2.938,1000,stop
20240207,SH.510050,09:47:13.626,sell,2.93,2000,market
20240207,SH.510050,09:47:12.232,buy,2.932,600,market
20240207,SH.510050,09:47:14.211,buy,2.926,1000,limit
20240207,SH.510050,09:47:13.592,sell,2.93,500,market
20240207,SH.510050,09:47:12.234,sell,2.934,400,limit
20240207,SH.510050,09:47:15.722,sell,2.933,1000,limit
20240207,SH.510050,09:47:15.562,sell,2.93,1500,market
20240207,SH.510050,09:47:17.828,buy,2.934,800,market
20240207,SH.510050,09:47:16.710,buy,2.933,100,market
