date,symbol,time_str,side,price,quantity,order_type
20240207,SH.510050,09:30:01.672,buy,2.944,400,limit
20240207,SH.510050,09:30:01.635,buy,2.95,1200,market
20240207,SH.510050,09:30:01.042,sell,2.952,4000,limit
20240207,SH.510050,09:30:04.924,buy,2.944,100,limit
20240207,SH.510050,09:30:05.311,sell,2.955,1000,limit
20240207,SH.510050,09:30:04.756,sell,2.952,600,limit
20240207,SH.510050,09:30:03.011,buy,2.947,300,limit
20240207,SH.510050,09:30:03.923,buy,2.95,1500,market
20240207,SH.510050,09:30:03.797,sell,2.952,2000,limit
20240207,SH.510050,09:30:05.474,buy,2.942,400,stop
20240207,SH.510050,09:30:05.913,buy,2.946,1000,limit
20240207,SH.510050,09:30:06.172,sell,2.946,1200,market
20240207,SH.510050,09:30:07.386,sell,2.954,4000,limit
20240207,SH.510050,09:30:08.701,buy,2.94,1000,stop
20240207,SH.510050,09:30:07.598,sell,2.951,200,limit
20240207,SH.510050,09:30:07.395,sell,2.952,1000,limit
20240207,SH.510050,09:30:06.054,buy,2.944,2000,limit
20240207,SH.510050,09:30:10.992,buy,2.944,400,limit
20240207,SH.510050,09:30:09.200,buy,2.945,1500,limit
20240207,SH.510050,09:30:10.716,buy,2.949,500,market
20240207,SH.510050,09:30:09.213,buy,2.943,100,limit
20240207,SH.510050,09:30:09.206,sell,2.952,400,limit
20240207,SH.510050,09:30:09.577,buy,2.943,5000,limit
20240207,SH.510050,09:30:11.832,sell,2.952,1000,limit
20240207,SH.510050,09:30:10.051,sell,2.962,1500,stop
20240207,SH.510050,09:30:12.040,buy,2.951,600,market
20240207,SH.510050,09:30:13.097,sell,2.964,1000,stop
20240207,SH.510050,09:30:14.974,sell,2.954,600,limit
20240207,SH.510050,09:30:12.046,buy,2.947,300,limit
20240207,SH.510050,09:30:14.274,sell,2.948,400,market
20240207,SH.510050,09:30:14.756,buy,2.948,900,limit
20240207,SH.510050,09:30:12.120,buy,2.947,600,limit
20240207,SH.510050,09:30:16.182,sell,2.947,1000,market
20240207,SH.510050,09:30:15.228,buy,2.946,300,limit
20240207,SH.510050,09:30:16.587,sell,2.947,1500,market
20240207,SH.510050,09:30:17.394,sell,2.954,900,limit
20240207,SH.510050,09:30:16.914,sell,2.953,1000,limit
20240207,SH.510050,09:30:15.519,buy,2.948,3000,limit
20240207,SH.510050,09:30:15.163,sell,2.948,1000,market
20240207,SH.510050,09:30:15.521,buy,2.945,500,limit
20240207,SH.510050,09:30:19.535,buy,2.948,100,limit
20240207,SH.510050,09:30:18.903,sell,2.956,5000,limit
20240207,SH.510050,09:30:19.327,sell,2.955,1500,limit
20240207,SH.510050,09:30:20.070,buy,2.954,1500,market
20240207,SH.510050,09:30:18.492,sell,2.955,600,limit
20240207,SH.510050,09:30:18.151,sell,2.957,500,limit
20240207,SH.510050,09:30:21.574,buy,2.947,300,limit
20240207,SH.510050,09:30:22.087,buy,2.947,500,limit
20240207,SH.510050,09:30:22.617,buy,2.947,1500,limit
20240207,SH.510050,09:30:24.432,buy,2.952,900,market
20240207,SH.510050,09:30:24.780,buy,2.948,400,limit
20240207,SH.510050,09:30:24.909,buy,2.947,200,limit
20240207,SH.510050,09:30:24.039,sell,2.955,1000,limit
20240207,SH.510050,09:30:26.561,buy,2.949,1000,limit
20240207,SH.510050,09:30:26.027,sell,2.956,100,limit
20240207,SH.510050,09:30:27.789,sell,2.954,800,limit
20240207,SH.510050,09:30:27.389,buy,2.947,100,limit
20240207,SH.510050,09:30:28.889,buy,2.946,4000,limit
20240207,SH.510050,09:30:27.210,buy,2.947,1000,limit
20240207,SH.510050,09:30:27.457,sell,2.954,600,limit
20240207,SH.510050,09:30:31.465,buy,2.945,500,limit
20240207,SH.510050,09:30:32.018,buy,2.949,1000,limit
20240207,SH.510050,09:30:32.006,sell,2.955,100,limit
20240207,SH.510050,09:30:30.604,sell,2.95,900,market
20240207,SH.510050,09:30:31.350,sell,2.95,5000,market
20240207,SH.510050,09:30:32.528,sell,2.955,3000,limit
20240207,SH.510050,09:30:34.543,sell,2.955,1500,limit
20240207,SH.510050,09:30:33.341,buy,2.953,1500,market
20240207,SH.510050,09:30:33.206,sell,2.955,1500,limit
20240207,SH.510050,09:30:35.719,sell,2.959,600,stop
20240207,SH.510050,09:30:33.171,sell,2.954,800,limit
20240207,SH.510050,09:30:34.460,sell,2.949,600,market
20240207,SH.510050,09:30:36.683,sell,2.954,300,limit
20240207,SH.510050,09:30:36.438,buy,2.948,1000,limit
20240207,SH.510050,09:30:37.715,sell,2.953,500,limit
20240207,SH.510050,09:30:38.204,sell,2.952,2000,limit
20240207,SH.510050,09:30:37.954,buy,2.946,400,limit
20240207,SH.510050,09:30:39.723,sell,2.954,600,limit
20240207,SH.510050,09:30:41.312,sell,2.947,4000,market
20240207,SH.510050,09:30:41.636,buy,2.945,200,limit
20240207,SH.510050,09:30:41.613,sell,2.949,500,market
20240207,SH.510050,09:30:39.345,sell,2.947,200,market
20240207,SH.510050,09:30:41.468,buy,2.95,600,market
20240207,SH.510050,09:30:44.186,buy,2.95,900,market
20240207,SH.510050,09:30:44.172,buy,2.95,4000,market
20240207,SH.510050,09:30:43.868,sell,2.946,400,market
20240207,SH.510050,09:30:44.140,sell,2.952,1000,limit
20240207,SH.510050,09:30:43.172,sell,2.951,500,limit
20240207,SH.510050,09:30:43.122,buy,2.943,1500,limit
20240207,SH.510050,09:30:47.084,sell,2.962,900,stop
20240207,SH.510050,09:30:47.315,sell,2.951,5000,limit
20240207,SH.510050,09:30:46.209,buy,2.947,400,limit
20240207,SH.510050,09:30:46.140,sell,2.951,1000,limit
20240207,SH.510050,09:30:45.939,sell,2.955,200,limit
20240207,SH.510050,09:30:45.751,sell,2.947,500,market
20240207,SH.510050,09:30:46.766,buy,2.945,1000,limit
20240207,SH.510050,09:30:45.686,sell,2.952,400,limit
20240207,SH.510050,09:30:48.330,sell,2.964,5000,stop
20240207,SH.510050,09:30:49.513,buy,2.952,800,market
20240207,SH.510050,09:30:48.782,sell,2.951,200,limit
20240207,SH.510050,09:30:49.972,buy,2.946,100,limit
20240207,SH.510050,09:30:52.137,sell,2.952,2000,limit
20240207,SH.510050,09:30:51.232,sell,2.952,800,limit
20240207,SH.510050,09:30:53.164,buy,2.947,400,limit
20240207,SH.510050,09:30:53.822,sell,2.948,2000,market
20240207,SH.510050,09:30:53.844,sell,2.952,1200,limit
20240207,SH.510050,09:30:53.047,buy,2.945,400,limit
20240207,SH.510050,09:30:51.692,buy,2.946,400,limit
20240207,SH.510050,09:30:55.006,buy,2.946,800,limit
20240207,SH.510050,09:30:55.573,sell,2.953,2500,limit
20240207,SH.510050,09:30:56.350,buy,2.946,400,limit
20240207,SH.510050,09:30:56.525,buy,2.945,1500,limit
20240207,SH.510050,09:30:56.614,buy,2.949,300,market
20240207,SH.510050,09:30:56.217,buy,2.943,2000,limit
20240207,SH.510050,09:30:58.959,buy,2.938,600,stop
20240207,SH.510050,09:30:58.819,buy,2.945,1000,limit
20240207,SH.510050,09:30:59.073,sell,2.952,1500,limit
20240207,SH.510050,09:30:59.498,sell,2.95,600,limit
20240207,SH.510050,09:30:58.141,sell,2.946,400,market
20240207,SH.510050,09:31:00.677,sell,2.948,900,market
20240207,SH.510050,09:31:02.164,sell,2.955,1500,limit
20240207,SH.510050,09:31:01.851,buy,2.945,1200,limit
20240207,SH.510050,09:31:00.905,sell,2.955,2000,limit
20240207,SH.510050,09:31:02.640,sell,2.949,200,market
20240207,SH.510050,09:31:00.392,sell,2.96,3000,stop
20240207,SH.510050,09:31:01.781,buy,2.934,1500,stop
20240207,SH.510050,09:31:03.996,buy,2.951,3000,market
20240207,SH.510050,09:31:05.710,buy,2.945,600,limit
20240207,SH.510050,09:31:04.887,buy,2.947,1500,limit
20240207,SH.510050,09:31:03.639,sell,2.957,1000,stop
20240207,SH.510050,09:31:03.481,sell,2.954,3000,limit
20240207,SH.510050,09:31:07.988,sell,2.949,500,market
20240207,SH.510050,09:31:07.633,sell,2.955,900,limit
20240207,SH.510050,09:31:08.999,sell,2.956,500,limit
20240207,SH.510050,09:31:07.549,sell,2.956,3000,limit
20240207,SH.510050,09:31:08.938,sell,2.965,500,stop
20240207,SH.510050,09:31:07.707,buy,2.949,2000,limit
20240207,SH.510050,09:31:09.857,buy,2.954,1200,market
20240207,SH.510050,09:31:10.559,sell,2.952,500,market
20240207,SH.510050,09:31:10.900,buy,2.955,300,market
20240207,SH.510050,09:31:09.311,sell,2.952,400,market
20240207,SH.510050,09:31:10.782,buy,2.946,3000,stop
20240207,SH.510050,09:31:10.207,sell,2.95,1000,market
20240207,SH.510050,09:31:14.238,sell,2.957,4000,limit
20240207,SH.510050,09:31:14.684,sell,2.955,400,limit
20240207,SH.510050,09:31:12.231,buy,2.949,2000,limit
20240207,SH.510050,09:31:12.029,buy,2.955,1200,market
20240207,SH.510050,09:31:13.239,buy,2.95,200,limit
20240207,SH.510050,09:31:17.878,buy,2.953,2000,market
20240207,SH.510050,09:31:16.581,buy,2.947,100,limit
20240207,SH.510050,09:31:15.556,buy,2.946,4000,limit
20240207,SH.510050,09:31:16.034,buy,2.953,3000,market
20240207,SH.510050,09:31:17.218,sell,2.954,500,limit
20240207,SH.510050,09:31:15.794,buy,2.95,300,limit
20240207,SH.510050,09:31:16.121,sell,2.953,900,limit
20240207,SH.510050,09:31:19.099,sell,2.957,1200,limit
20240207,SH.510050,09:31:20.020,buy,2.953,300,market
20240207,SH.510050,09:31:19.242,sell,2.951,5000,market
20240207,SH.510050,09:31:20.085,sell,2.957,5000,limit
20240207,SH.510050,09:31:18.732,buy,2.953,1500,market
20240207,SH.510050,09:31:18.950,sell,2.95,800,market
20240207,SH.510050,09:31:19.536,buy,2.944,600,stop
20240207,SH.510050,09:31:20.135,buy,2.947,200,limit
20240207,SH.510050,09:31:22.778,buy,2.936,600,stop
20240207,SH.510050,09:31:22.889,sell,2.95,600,market
20240207,SH.510050,09:31:23.828,sell,2.957,4000,limit
20240207,SH.510050,09:31:23.080,buy,2.946,1500,limit
20240207,SH.510050,09:31:22.512,buy,2.953,100,market
20240207,SH.510050,09:31:21.560,buy,2.947,1200,limit
20240207,SH.510050,09:31:21.223,sell,2.954,300,limit
20240207,SH.510050,09:31:21.441,sell,2.957,600,limit
20240207,SH.510050,09:31:24.997,buy,2.949,900,limit
20240207,SH.510050,09:31:26.587,sell,2.953,400,limit
20240207,SH.510050,09:31:25.936,buy,2.954,100,market
20240207,SH.510050,09:31:26.607,buy,2.95,4000,limit
20240207,SH.510050,09:31:26.317,sell,2.95,800,market
20240207,SH.510050,09:31:26.985,buy,2.948,900,limit
20240207,SH.510050,09:31:29.383,sell,2.956,2000,limit
20240207,SH.510050,09:31:27.406,sell,2.955,1000,limit
20240207,SH.510050,09:31:29.732,sell,2.954,2000,limit
20240207,SH.510050,09:31:29.908,buy,2.951,2500,limit
20240207,SH.510050,09:31:28.881,sell,2.954,3000,limit
20240207,SH.510050,09:31:28.220,buy,2.951,1000,limit
20240207,SH.510050,09:31:27.369,buy,2.955,1500,market
20240207,SH.510050,09:31:28.205,sell,2.95,1000,market
20240207,SH.510050,09:31:32.365,buy,2.947,1500,limit
20240207,SH.510050,09:31:32.656,sell,2.954,1000,limit
20240207,SH.510050,09:31:30.286,sell,2.957,900,limit
20240207,SH.510050,09:31:31.271,sell,2.949,300,market
20240207,SH.510050,09:31:31.102,buy,2.947,300,limit
20240207,SH.510050,09:31:31.748,buy,2.949,1000,limit
20240207,SH.510050,09:31:30.100,sell,2.95,3000,market
20240207,SH.510050,09:31:34.440,sell,2.955,600,limit
20240207,SH.510050,09:31:35.186,buy,2.953,600,market
20240207,SH.510050,09:31:35.119,buy,2.955,4000,market
20240207,SH.510050,09:31:35.898,sell,2.956,2000,limit
20240207,SH.510050,09:31:38.042,sell,2.952,900,market
20240207,SH.510050,09:31:36.231,buy,2.949,1000,limit
20240207,SH.510050,09:31:38.774,sell,2.957,100,limit
20240207,SH.510050,09:31:38.322,sell,2.955,1200,limit
20240207,SH.510050,09:31:37.981,sell,2.955,800,limit
20240207,SH.510050,09:31:36.141,buy,2.947,300,limit
20240207,SH.510050,09:31:39.874,sell,2.955,200,limit
20240207,SH.510050,09:31:39.370,sell,2.953,400,limit
20240207,SH.510050,09:31:40.829,sell,2.954,500,limit
20240207,SH.510050,09:31:43.989,buy,2.947,400,limit
20240207,SH.510050,09:31:43.668,sell,2.956,1200,limit
20240207,SH.510050,09:31:44.643,buy,2.951,1000,limit
20240207,SH.510050,09:31:43.392,buy,2.955,400,market
20240207,SH.510050,09:31:44.920,buy,2.951,1000,limit
20240207,SH.510050,09:31:43.538,buy,2.955,2500,market
20240207,SH.510050,09:31:44.284,sell,2.952,4000,market
20240207,SH.510050,09:31:46.802,buy,2.949,200,limit
20240207,SH.510050,09:31:45.812,buy,2.947,100,limit
20240207,SH.510050,09:31:47.162,buy,2.953,2000,market
20240207,SH.510050,09:31:50.745,buy,2.948,2000,limit
20240207,SH.510050,09:31:49.611,sell,2.954,1500,limit
20240207,SH.510050,09:31:48.040,sell,2.951,200,market
20240207,SH.510050,09:31:51.521,sell,2.952,200,market
20240207,SH.510050,09:31:53.831,buy,2.952,1200,limit
20240207,SH.510050,09:31:51.146,sell,2.951,4000,market
20240207,SH.510050,09:31:51.506,sell,2.956,4000,limit
20240207,SH.510050,09:31:54.665,sell,2.954,2000,market
20240207,SH.510050,09:31:55.348,buy,2.952,600,limit
20240207,SH.510050,09:31:54.088,sell,2.96,800,limit
20240207,SH.510050,09:31:55.097,sell,2.96,4000,limit
20240207,SH.510050,09:31:56.707,sell,2.96,600,limit
20240207,SH.510050,09:31:56.049,sell,2.953,3000,market
20240207,SH.510050,09:31:55.358,buy,2.95,1000,limit
20240207,SH.510050,09:31:56.434,buy,2.953,1000,limit
20240207,SH.510050,09:31:57.643,buy,2.953,500,market
20240207,SH.510050,09:31:59.323,sell,2.957,4000,limit
20240207,SH.510050,09:31:58.841,sell,2.954,400,limit
20240207,SH.510050,09:31:57.732,buy,2.948,2500,limit
20240207,SH.510050,09:31:58.098,buy,2.955,800,market
20240207,SH.510050,09:32:00.640,sell,2.951,900,market
20240207,SH.510050,09:32:00.890,sell,2.952,1000,market
20240207,SH.510050,09:32:01.916,buy,2.949,100,limit
20240207,SH.510050,09:32:02.143,buy,2.955,400,market
20240207,SH.510050,09:32:00.084,sell,2.955,900,limit
20240207,SH.510050,09:32:02.928,buy,2.952,1500,limit
20240207,SH.510050,09:32:04.448,buy,2.949,400,limit
20240207,SH.510050,09:32:05.664,buy,2.955,500,market
20240207,SH.510050,09:32:03.844,sell,2.958,3000,limit
20240207,SH.510050,09:32:05.319,buy,2.952,800,limit
20240207,SH.510050,09:32:05.794,sell,2.957,100,limit
20240207,SH.510050,09:32:05.053,buy,2.956,500,market
20240207,SH.510050,09:32:08.730,sell,2.967,500,stop
20240207,SH.510050,09:32:06.644,buy,2.956,100,market
20240207,SH.510050,09:32:07.950,buy,2.957,1000,market
20240207,SH.510050,09:32:07.449,buy,2.952,1000,limit
20240207,SH.510050,09:32:06.896,sell,2.962,400,stop
20240207,SH.510050,09:32:06.251,sell,2.957,1000,limit
20240207,SH.510050,09:32:06.526,sell,2.959,400,limit
20240207,SH.510050,09:32:06.207,buy,2.957,400,market
20240207,SH.510050,09:32:10.538,buy,2.949,400,limit
20240207,SH.510050,09:32:10.433,sell,2.96,3000,limit
20240207,SH.510050,09:32:09.573,buy,2.952,3000,limit
20240207,SH.510050,09:32:11.196,sell,2.954,300,market
20240207,SH.510050,09:32:10.480,buy,2.956,300,market
20240207,SH.510050,09:32:10.839,sell,2.956,2500,limit
20240207,SH.510050,09:32:11.793,buy,2.956,100,market
20240207,SH.510050,09:32:11.339,buy,2.957,300,market
20240207,SH.510050,09:32:12.032,buy,2.95,100,limit
20240207,SH.510050,09:32:14.467,sell,2.956,800,limit
20240207,SH.510050,09:32:14.841,sell,2.956,500,limit
20240207,SH.510050,09:32:17.079,sell,2.954,200,market
20240207,SH.510050,09:32:15.648,buy,2.953,100,limit
20240207,SH.510050,09:32:16.746,buy,2.95,1500,limit
20240207,SH.510050,09:32:15.643,buy,2.956,600,market
20240207,SH.510050,09:32:16.617,sell,2.952,200,market
20240207,SH.510050,09:32:16.648,sell,2.957,400,limit
20240207,SH.510050,09:32:18.088,sell,2.956,200,limit
20240207,SH.510050,09:32:18.292,sell,2.953,4000,market
20240207,SH.510050,09:32:19.643,buy,2.949,300,limit
20240207,SH.510050,09:32:19.567,buy,2.949,400,limit
20240207,SH.510050,09:32:21.282,sell,2.965,300,stop
20240207,SH.510050,09:32:23.807,sell,2.959,400,limit
20240207,SH.510050,09:32:22.487,sell,2.953,800,market
20240207,SH.510050,09:32:21.728,buy,2.944,400,stop
20240207,SH.510050,09:32:21.138,sell,2.959,100,limit
20240207,SH.510050,09:32:26.075,buy,2.952,400,limit
20240207,SH.510050,09:32:26.391,buy,2.94,1500,stop
20240207,SH.510050,09:32:24.161,buy,2.953,300,limit
20240207,SH.510050,09:32:26.147,sell,2.955,400,market
20240207,SH.510050,09:32:24.622,sell,2.955,2000,market
20240207,SH.510050,09:32:25.782,sell,2.957,1000,limit
20240207,SH.510050,09:32:25.896,sell,2.953,100,market
20240207,SH.510050,09:32:25.768,sell,2.954,1200,market
20240207,SH.510050,09:32:29.360,sell,2.961,1200,limit
20240207,SH.510050,09:32:27.231,buy,2.957,400,market
20240207,SH.510050,09:32:29.789,buy,2.952,1500,limit
20240207,SH.510050,09:32:27.404,buy,2.95,4000,limit
20240207,SH.510050,09:32:31.801,sell,2.96,100,limit
20240207,SH.510050,09:32:31.528,sell,2.954,4000,market
20240207,SH.510050,09:32:31.199,buy,2.954,1200,limit
20240207,SH.510050,09:32:31.361,buy,2.954,1500,limit
20240207,SH.510050,09:32:33.281,buy,2.955,400,market
20240207,SH.510050,09:32:33.846,sell,2.953,600,market
20240207,SH.510050,09:32:35.393,buy,2.94,2000,stop
20240207,SH.510050,09:32:34.975,sell,2.952,2000,market
20240207,SH.510050,09:32:33.548,sell,2.953,300,market
20240207,SH.510050,09:32:36.008,buy,2.957,200,market
20240207,SH.510050,09:32:38.823,sell,2.952,800,market
20240207,SH.510050,09:32:36.989,sell,2.959,2000,limit
20240207,SH.510050,09:32:38.945,sell,2.96,1000,limit
20240207,SH.510050,09:32:39.372,buy,2.954,900,limit
20240207,SH.510050,09:32:39.096,buy,2.954,600,limit
20240207,SH.510050,09:32:40.076,sell,2.954,800,market
20240207,SH.510050,09:32:40.106,sell,2.958,2000,limit
20240207,SH.510050,09:32:41.677,sell,2.961,1000,limit
20240207,SH.510050,09:32:43.535,sell,2.958,200,limit
20240207,SH.510050,09:32:43.859,buy,2.958,400,market
20240207,SH.510050,09:32:42.935,sell,2.957,1000,limit
20240207,SH.510050,09:32:44.806,buy,2.958,400,market
20240207,SH.510050,09:32:44.256,buy,2.956,500,market
20240207,SH.510050,09:32:43.748,sell,2.959,1500,limit
20240207,SH.510050,09:32:45.734,sell,2.954,400,market
20240207,SH.510050,09:32:46.585,sell,2.962,300,limit
20240207,SH.510050,09:32:47.578,buy,2.959,200,market
20240207,SH.510050,09:32:45.193,sell,2.959,4000,limit
20240207,SH.510050,09:32:47.410,sell,2.961,1500,limit
20240207,SH.510050,09:32:50.758,buy,2.96,2000,market
20240207,SH.510050,09:32:50.698,sell,2.963,200,limit
20240207,SH.510050,09:32:49.806,sell,2.96,500,limit
20240207,SH.510050,09:32:48.006,buy,2.954,3000,limit
20240207,SH.510050,09:32:49.280,sell,2.962,1000,limit
20240207,SH.510050,09:32:52.174,sell,2.962,1500,limit
20240207,SH.510050,09:32:53.388,sell,2.956,900,market
20240207,SH.510050,09:32:52.323,sell,2.96,500,limit
20240207,SH.510050,09:32:51.114,sell,2.96,300,limit
20240207,SH.510050,09:32:51.565,buy,2.956,100,limit
20240207,SH.510050,09:32:52.652,sell,2.96,600,limit
20240207,SH.510050,09:32:54.915,buy,2.955,300,limit
20240207,SH.510050,09:32:55.053,buy,2.954,400,limit
20240207,SH.510050,09:32:54.088,sell,2.959,4000,limit
20240207,SH.510050,09:32:54.814,buy,2.955,400,limit
20240207,SH.510050,09:32:55.028,sell,2.956,5000,market
20240207,SH.510050,09:32:56.633,buy,2.956,100,limit
20240207,SH.510050,09:32:59.185,sell,2.96,400,limit
20240207,SH.510050,09:32:59.555,sell,2.958,3000,limit
20240207,SH.510050,09:32:58.142,buy,2.957,600,market
20240207,SH.510050,09:32:58.826,sell,2.955,400,market
20240207,SH.510050,09:32:59.366,buy,2.955,500,limit
20240207,SH.510050,09:32:59.922,buy,2.957,1500,market
20240207,SH.510050,09:32:59.801,buy,2.955,900,limit
20240207,SH.510050,09:32:58.954,buy,2.952,2000,limit
20240207,SH.510050,09:33:02.051,sell,2.961,2000,limit
20240207,SH.510050,09:33:00.708,buy,2.954,400,limit
20240207,SH.510050,09:33:02.361,sell,2.955,1200,market
20240207,SH.510050,09:33:00.881,sell,2.955,200,market
20240207,SH.510050,09:33:01.234,buy,2.95,500,limit
20240207,SH.510050,09:33:05.264,buy,2.957,300,market
20240207,SH.510050,09:33:04.896,sell,2.958,1200,limit
20240207,SH.510050,09:33:04.049,sell,2.959,2000,limit
20240207,SH.510050,09:33:03.878,sell,2.954,2500,market
20240207,SH.510050,09:33:04.174,sell,2.96,400,limit
20240207,SH.510050,09:33:07.458,sell,2.954,500,market
20240207,SH.510050,09:33:07.605,buy,2.954,600,limit
20240207,SH.510050,09:33:08.716,buy,2.944,400,stop
20240207,SH.510050,09:33:11.908,buy,2.958,400,market
20240207,SH.510050,09:33:10.687,buy,2.958,1000,market
20240207,SH.510050,09:33:10.855,sell,2.96,600,limit
20240207,SH.510050,09:33:09.700,sell,2.955,1500,market
20240207,SH.510050,09:33:09.522,sell,2.959,300,limit
20240207,SH.510050,09:33:14.274,buy,2.955,1500,limit
20240207,SH.510050,09:33:13.396,buy,2.955,200,limit
20240207,SH.510050,09:33:12.168,buy,2.955,500,limit
20240207,SH.510050,09:33:14.670,sell,2.955,1000,market
20240207,SH.510050,09:33:13.237,sell,2.958,900,limit
20240207,SH.510050,09:33:13.634,buy,2.955,500,limit
20240207,SH.510050,09:33:13.428,sell,2.954,3000,market
20240207,SH.510050,09:33:16.983,sell,2.961,500,limit
20240207,SH.510050,09:33:16.163,sell,2.963,1200,limit
20240207,SH.510050,09:33:17.993,sell,2.963,1500,limit
20240207,SH.510050,09:33:16.484,buy,2.954,1200,limit
20240207,SH.510050,09:33:17.215,buy,2.959,300,market
20240207,SH.510050,09:33:16.253,sell,2.962,1000,limit
20240207,SH.510050,09:33:19.767,buy,2.955,1000,limit
20240207,SH.510050,09:33:20.616,sell,2.955,2500,market
20240207,SH.510050,09:33:18.370,sell,2.956,600,market
20240207,SH.510050,09:33:18.626,buy,2.952,100,limit
20240207,SH.510050,09:33:20.507,buy,2.955,800,limit
20240207,SH.510050,09:33:19.620,sell,2.961,300,limit
20240207,SH.510050,09:33:21.993,sell,2.962,100,limit
20240207,SH.510050,09:33:22.420,buy,2.956,500,limit
20240207,SH.510050,09:33:21.769,buy,2.956,400,limit
20240207,SH.510050,09:33:22.909,sell,2.963,400,limit
20240207,SH.510050,09:33:22.492,sell,2.957,1000,market
20240207,SH.510050,09:33:25.659,sell,2.963,2000,limit
20240207,SH.510050,09:33:26.336,sell,2.957,1000,market
20240207,SH.510050,09:33:26.259,sell,2.958,800,market
20240207,SH.510050,09:33:24.367,buy,2.961,1500,market
20240207,SH.510050,09:33:26.047,sell,2.96,500,limit
20240207,SH.510050,09:33:25.533,sell,2.962,400,limit
20240207,SH.510050,09:33:24.244,buy,2.95,600,stop
20240207,SH.510050,09:33:25.600,sell,2.961,300,limit
20240207,SH.510050,09:33:28.868,sell,2.962,1200,limit
20240207,SH.510050,09:33:27.116,buy,2.962,1000,market
20240207,SH.510050,09:33:27.668,sell,2.959,3000,market
20240207,SH.510050,09:33:28.805,buy,2.956,1000,limit
20240207,SH.510050,09:33:30.226,sell,2.96,300,market
20240207,SH.510050,09:33:30.091,sell,2.967,1500,limit
20240207,SH.510050,09:33:32.443,sell,2.961,2500,market
20240207,SH.510050,09:33:30.409,buy,2.963,800,market
20240207,SH.510050,09:33:31.214,sell,2.959,1000,market
20240207,SH.510050,09:33:32.646,buy,2.957,300,limit
20240207,SH.510050,09:33:34.503,buy,2.961,400,limit
20240207,SH.510050,09:33:35.785,sell,2.975,400,stop
20240207,SH.510050,09:33:35.161,sell,2.961,4000,market
20240207,SH.510050,09:33:38.015,sell,2.963,200,limit
20240207,SH.510050,09:33:36.636,buy,2.959,300,limit
20240207,SH.510050,09:33:36.728,sell,2.965,1500,limit
20240207,SH.510050,09:33:36.474,sell,2.961,800,market
20240207,SH.510050,09:33:37.536,buy,2.96,100,limit
20240207,SH.510050,09:33:36.201,buy,2.962,800,market
20240207,SH.510050,09:33:36.903,buy,2.954,1000,stop
20240207,SH.510050,09:33:37.969,sell,2.963,1000,limit
20240207,SH.510050,09:33:40.862,buy,2.958,2000,limit
20240207,SH.510050,09:33:41.133,buy,2.958,1000,limit
20240207,SH.510050,09:33:39.265,sell,2.966,1000,limit
20240207,SH.510050,09:33:41.366,sell,2.965,200,limit
20240207,SH.510050,09:33:40.267,buy,2.963,1200,market
20240207,SH.510050,09:33:39.038,sell,2.962,900,limit
20240207,SH.510050,09:33:43.486,sell,2.959,200,market
20240207,SH.510050,09:33:43.686,sell,2.966,1000,limit
20240207,SH.510050,09:33:43.001,buy,2.95,1000,stop
20240207,SH.510050,09:33:44.057,sell,2.961,1000,market
20240207,SH.510050,09:33:44.052,sell,2.959,2500,market
20240207,SH.510050,09:33:47.759,sell,2.963,400,limit
20240207,SH.510050,09:33:47.442,buy,2.962,400,market
20240207,SH.510050,09:33:47.118,buy,2.96,5000,limit
20240207,SH.510050,09:33:47.410,buy,2.956,1500,limit
20240207,SH.510050,09:33:45.698,sell,2.966,600,limit
20240207,SH.510050,09:33:47.838,sell,2.959,1500,market
20240207,SH.510050,09:33:48.055,buy,2.959,1000,limit
20240207,SH.510050,09:33:49.643,sell,2.96,600,market
20240207,SH.510050,09:33:48.686,buy,2.962,4000,market
20240207,SH.510050,09:33:50.508,sell,2.966,600,limit
20240207,SH.510050,09:33:49.134,sell,2.965,400,limit
20240207,SH.510050,09:33:49.178,sell,2.966,5000,limit
20240207,SH.510050,09:33:51.178,buy,2.956,2000,limit
20240207,SH.510050,09:33:52.310,buy,2.96,1000,limit
20240207,SH.510050,09:33:51.271,sell,2.967,300,limit
20240207,SH.510050,09:33:52.108,buy,2.959,600,limit
20240207,SH.510050,09:33:52.851,buy,2.964,2000,market
20240207,SH.510050,09:33:53.283,buy,2.964,500,market
20240207,SH.510050,09:33:53.042,buy,2.958,300,limit
20240207,SH.510050,09:33:54.864,buy,2.956,1000,limit
20240207,SH.510050,09:33:55.487,sell,2.961,1000,market
20240207,SH.510050,09:33:55.944,buy,2.956,100,limit
20240207,SH.510050,09:33:54.145,buy,2.957,300,limit
20240207,SH.510050,09:33:54.709,buy,2.963,4000,market
20240207,SH.510050,09:33:54.449,sell,2.973,600,stop
20240207,SH.510050,09:33:56.986,buy,2.96,300,limit
20240207,SH.510050,09:33:59.865,sell,2.971,600,stop
20240207,SH.510050,09:33:57.938,buy,2.958,1500,limit
20240207,SH.510050,09:33:57.228,sell,2.967,900,limit
20240207,SH.510050,09:34:00.737,buy,2.956,5000,limit
20240207,SH.510050,09:34:01.166,buy,2.963,1500,market
20240207,SH.510050,09:34:00.519,buy,2.962,1000,market
20240207,SH.510050,09:34:05.410,buy,2.957,2000,limit
20240207,SH.510050,09:34:03.355,sell,2.96,3000,market
20240207,SH.510050,09:34:05.270,buy,2.961,200,market
20240207,SH.510050,09:34:05.287,sell,2.958,1500,market
20240207,SH.510050,09:34:04.886,buy,2.955,1200,limit
20240207,SH.510050,09:34:03.353,sell,2.965,500,limit
20240207,SH.510050,09:34:03.179,sell,2.965,200,limit
20240207,SH.510050,09:34:04.705,buy,2.955,5000,limit
20240207,SH.510050,09:34:06.805,sell,2.965,900,limit
20240207,SH.510050,09:34:06.539,sell,2.959,800,market
20240207,SH.510050,09:34:07.065,sell,2.963,200,limit
20240207,SH.510050,09:34:07.476,buy,2.957,2000,limit
20240207,SH.510050,09:34:08.856,buy,2.954,200,limit
20240207,SH.510050,09:34:07.941,buy,2.955,5000,limit
20240207,SH.510050,09:34:08.185,sell,2.961,1500,limit
20240207,SH.510050,09:34:10.962,sell,2.965,1200,limit
20240207,SH.510050,09:34:10.392,buy,2.957,900,limit
20240207,SH.510050,09:34:09.488,buy,2.956,1500,limit
20240207,SH.510050,09:34:10.831,buy,2.96,5000,market
20240207,SH.510050,09:34:09.995,buy,2.955,1000,limit
20240207,SH.510050,09:34:11.379,sell,2.957,1000,market
20240207,SH.510050,09:34:12.898,sell,2.958,4000,market
20240207,SH.510050,09:34:14.407,sell,2.96,300,market
20240207,SH.510050,09:34:13.287,buy,2.958,2500,limit
20240207,SH.510050,09:34:14.463,sell,2.965,1500,limit
20240207,SH.510050,09:34:14.113,sell,2.966,400,limit
20240207,SH.510050,09:34:12.990,sell,2.965,1500,limit
20240207,SH.510050,09:34:15.663,sell,2.963,1000,limit
20240207,SH.510050,09:34:17.519,buy,2.954,300,limit
20240207,SH.510050,09:34:16.888,sell,2.963,500,limit
20240207,SH.510050,09:34:15.691,buy,2.955,400,limit
20240207,SH.510050,09:34:17.947,buy,2.955,300,limit
20240207,SH.510050,09:34:15.561,sell,2.958,1200,market
20240207,SH.510050,09:34:17.554,buy,2.961,1000,market
20240207,SH.510050,09:34:18.728,buy,2.953,200,limit
20240207,SH.510050,09:34:18.400,sell,2.96,500,limit
20240207,SH.510050,09:34:19.584,sell,2.96,100,limit
20240207,SH.510050,09:34:20.466,buy,2.949,1000,stop
20240207,SH.510050,09:34:18.469,sell,2.963,400,limit
20240207,SH.510050,09:34:23.542,buy,2.955,800,limit
20240207,SH.510050,09:34:22.904,buy,2.956,5000,limit
20240207,SH.510050,09:34:23.267,buy,2.953,800,limit
20240207,SH.510050,09:34:21.386,buy,2.952,400,limit
20240207,SH.510050,09:34:22.852,sell,2.96,900,limit
20240207,SH.510050,09:34:25.933,sell,2.956,2000,market
20240207,SH.510050,09:34:24.112,buy,2.949,1000,stop
20240207,SH.510050,09:34:26.362,sell,2.957,1200,market
20240207,SH.510050,09:34:26.690,buy,2.961,1500,market
20240207,SH.510050,09:34:24.079,buy,2.948,1500,stop
20240207,SH.510050,09:34:27.359,buy,2.956,800,limit
20240207,SH.510050,09:34:29.038,buy,2.954,100,limit
20240207,SH.510050,09:34:27.009,sell,2.961,300,limit
20240207,SH.510050,09:34:29.964,buy,2.958,1000,limit
20240207,SH.510050,09:34:28.355,buy,2.956,4000,limit
20240207,SH.510050,09:34:30.400,buy,2.96,1000,market
20240207,SH.510050,09:34:32.801,buy,2.956,1500,limit
20240207,SH.510050,09:34:30.545,sell,2.964,5000,limit
20240207,SH.510050,09:34:34.865,sell,2.959,2500,market
20240207,SH.510050,09:34:34.103,buy,2.944,300,stop
20240207,SH.510050,09:34:35.312,sell,2.957,900,market
20240207,SH.510050,09:34:33.426,buy,2.958,300,limit
20240207,SH.510050,09:34:33.282,sell,2.964,1000,limit
20240207,SH.510050,09:34:33.827,sell,2.964,100,limit
20240207,SH.510050,09:34:35.225,sell,2.968,5000,stop
20240207,SH.510050,09:34:34.548,buy,2.957,800,limit
20240207,SH.510050,09:34:36.261,buy,2.959,1000,limit
20240207,SH.510050,09:34:37.963,buy,2.951,1200,stop
20240207,SH.510050,09:34:38.355,sell,2.963,500,limit
20240207,SH.510050,09:34:36.636,buy,2.963,600,market
20240207,SH.510050,09:34:38.076,buy,2.961,1500,market
20240207,SH.510050,09:34:37.777,buy,2.962,2000,market
20240207,SH.510050,09:34:37.557,buy,2.955,1000,limit
20240207,SH.510050,09:34:39.850,buy,2.958,300,limit
20240207,SH.510050,09:34:41.296,sell,2.962,300,limit
20240207,SH.510050,09:34:41.769,sell,2.968,1000,stop
20240207,SH.510050,09:34:39.371,buy,2.961,1500,market
20240207,SH.510050,09:34:44.523,sell,2.957,4000,market
20240207,SH.510050,09:34:42.586,buy,2.957,5000,limit
20240207,SH.510050,09:34:42.298,sell,2.959,1500,market
20240207,SH.510050,09:34:44.812,sell,2.958,1500,market
20240207,SH.510050,09:34:44.349,buy,2.955,1500,limit
20240207,SH.510050,09:34:44.927,sell,2.963,300,limit
20240207,SH.510050,09:34:43.562,sell,2.957,200,market
20240207,SH.510050,09:34:45.652,buy,2.955,500,limit
20240207,SH.510050,09:34:46.471,buy,2.953,2000,limit
20240207,SH.510050,09:34:46.755,sell,2.962,4000,limit
20240207,SH.510050,09:34:50.560,sell,2.958,1000,market
20240207,SH.510050,09:34:50.962,buy,2.958,4000,limit
20240207,SH.510050,09:34:49.866,sell,2.963,300,limit
20240207,SH.510050,09:34:48.394,sell,2.965,200,limit
20240207,SH.510050,09:34:50.761,sell,2.965,200,limit
20240207,SH.510050,09:34:49.354,buy,2.958,1000,limit
20240207,SH.510050,09:34:51.021,buy,2.955,1200,limit
20240207,SH.510050,09:34:51.347,buy,2.957,2000,limit
20240207,SH.510050,09:34:51.390,sell,2.96,1000,limit
20240207,SH.510050,09:34:51.224,buy,2.96,2000,market
20240207,SH.510050,09:34:51.737,buy,2.955,5000,limit
20240207,SH.510050,09:34:51.302,sell,2.961,4000,limit
20240207,SH.510050,09:34:52.202,buy,2.955,1000,limit
20240207,SH.510050,09:34:51.922,buy,2.959,1500,market
20240207,SH.510050,09:34:56.609,buy,2.955,1200,limit
20240207,SH.510050,09:34:55.015,buy,2.954,900,limit
20240207,SH.510050,09:34:56.119,buy,2.957,400,limit
20240207,SH.510050,09:34:54.744,buy,2.956,4000,limit
20240207,SH.510050,09:34:55.454,buy,2.961,4000,market
20240207,SH.510050,09:34:54.196,buy,2.955,300,limit
20240207,SH.510050,09:34:55.309,sell,2.956,600,market
20240207,SH.510050,09:34:57.026,buy,2.954,4000,limit
20240207,SH.510050,09:34:58.004,buy,2.957,1500,limit
20240207,SH.510050,09:34:57.736,buy,2.96,600,market
20240207,SH.510050,09:35:01.385,sell,2.959,1000,market
20240207,SH.510050,09:35:02.993,sell,2.961,900,limit
20240207,SH.510050,09:35:02.248,buy,2.961,400,market
20240207,SH.510050,09:35:01.613,buy,2.961,800,market
20240207,SH.510050,09:35:05.636,sell,2.961,900,limit
20240207,SH.510050,09:35:04.720,buy,2.956,3000,limit
20240207,SH.510050,09:35:03.014,sell,2.97,2000,stop
20240207,SH.510050,09:35:03.830,buy,2.96,600,market
20240207,SH.510050,09:35:03.930,buy,2.956,300,limit
20240207,SH.510050,09:35:03.486,buy,2.955,2000,limit
20240207,SH.510050,09:35:05.363,sell,2.963,300,limit
20240207,SH.510050,09:35:07.838,sell,2.959,2500,market
20240207,SH.510050,09:35:06.067,buy,2.958,500,limit
20240207,SH.510050,09:35:08.037,sell,2.963,400,limit
20240207,SH.510050,09:35:07.050,sell,2.958,500,market
20240207,SH.510050,09:35:07.916,buy,2.957,1500,limit
20240207,SH.510050,09:35:08.857,buy,2.962,2500,market
20240207,SH.510050,09:35:06.376,sell,2.962,1500,limit
20240207,SH.510050,09:35:10.597,sell,2.966,500,limit
20240207,SH.510050,09:35:10.818,sell,2.964,1000,limit
20240207,SH.510050,09:35:10.873,buy,2.956,500,limit
20240207,SH.510050,09:35:11.013,buy,2.958,2500,limit
20240207,SH.510050,09:35:10.797,sell,2.959,400,market
20240207,SH.510050,09:35:09.556,buy,2.958,1500,limit
20240207,SH.510050,09:35:09.759,sell,2.963,3000,limit
20240207,SH.510050,09:35:13.839,buy,2.959,300,limit
20240207,SH.510050,09:35:14.081,buy,2.959,1200,limit
20240207,SH.510050,09:35:12.771,sell,2.966,4000,limit
20240207,SH.510050,09:35:17.958,sell,2.962,900,limit
20240207,SH.510050,09:35:17.498,sell,2.96,300,limit
20240207,SH.510050,09:35:15.437,buy,2.96,1500,market
20240207,SH.510050,09:35:16.618,sell,2.957,300,market
20240207,SH.510050,09:35:17.421,buy,2.959,1000,market
20240207,SH.510050,09:35:17.488,sell,2.961,800,limit
20240207,SH.510050,09:35:15.474,buy,2.959,1000,market
20240207,SH.510050,09:35:17.540,sell,2.971,4000,stop
20240207,SH.510050,09:35:20.100,sell,2.973,1500,stop
20240207,SH.510050,09:35:20.236,sell,2.961,500,limit
20240207,SH.510050,09:35:20.801,buy,2.957,1500,limit
20240207,SH.510050,09:35:19.951,sell,2.963,1000,limit
20240207,SH.510050,09:35:20.104,buy,2.957,400,limit
20240207,SH.510050,09:35:22.086,buy,2.952,500,stop
20240207,SH.510050,09:35:21.338,sell,2.972,200,stop
20240207,SH.510050,09:35:23.797,buy,2.953,300,limit
20240207,SH.510050,09:35:21.087,buy,2.956,100,limit
20240207,SH.510050,09:35:25.466,buy,2.957,200,limit
20240207,SH.510050,09:35:26.488,buy,2.956,3000,limit
20240207,SH.510050,09:35:24.746,sell,2.963,600,limit
20240207,SH.510050,09:35:28.302,sell,2.959,1000,market
20240207,SH.510050,09:35:29.464,sell,2.957,2000,market
20240207,SH.510050,09:35:27.402,buy,2.96,1000,market
20240207,SH.510050,09:35:27.385,buy,2.955,1500,limit
20240207,SH.510050,09:35:29.423,sell,2.957,600,market
20240207,SH.510050,09:35:30.910,buy,2.956,2000,limit
20240207,SH.510050,09:35:30.511,sell,2.958,1000,market
20240207,SH.510050,09:35:30.594,sell,2.964,300,limit
20240207,SH.510050,09:35:33.908,sell,2.965,1000,limit
20240207,SH.510050,09:35:34.996,sell,2.966,3000,limit
20240207,SH.510050,09:35:35.701,sell,2.965,1000,limit
20240207,SH.510050,09:35:35.797,sell,2.963,1500,limit
20240207,SH.510050,09:35:33.525,buy,2.962,400,market
20240207,SH.510050,09:35:35.794,sell,2.971,4000,stop
20240207,SH.510050,09:35:34.410,buy,2.963,1000,market
20240207,SH.510050,09:35:38.724,sell,2.96,300,market
20240207,SH.510050,09:35:36.687,sell,2.964,900,limit
20240207,SH.510050,09:35:37.536,sell,2.966,2000,limit
20240207,SH.510050,09:35:36.848,sell,2.963,400,limit
20240207,SH.510050,09:35:36.803,buy,2.948,200,stop
20240207,SH.510050,09:35:38.303,sell,2.965,500,limit
20240207,SH.510050,09:35:38.291,buy,2.963,500,market
20240207,SH.510050,09:35:39.971,buy,2.959,1500,limit
20240207,SH.510050,09:35:41.108,buy,2.964,5000,market
20240207,SH.510050,09:35:41.665,sell,2.961,300,market
20240207,SH.510050,09:35:41.293,sell,2.967,100,limit
20240207,SH.510050,09:35:41.546,buy,2.958,800,limit
20240207,SH.510050,09:35:40.613,sell,2.965,500,limit
20240207,SH.510050,09:35:41.653,buy,2.96,3000,limit
20240207,SH.510050,09:35:44.894,sell,2.957,100,market
20240207,SH.510050,09:35:42.685,sell,2.964,3000,limit
20240207,SH.510050,09:35:44.325,buy,2.955,600,limit
20240207,SH.510050,09:35:44.066,buy,2.958,3000,limit
20240207,SH.510050,09:35:44.635,sell,2.963,1500,limit
20240207,SH.510050,09:35:44.498,buy,2.957,500,limit
20240207,SH.510050,09:35:46.186,sell,2.971,900,stop
20240207,SH.510050,09:35:45.717,buy,2.96,3000,market
20240207,SH.510050,09:35:45.990,buy,2.955,1500,limit
20240207,SH.510050,09:35:47.733,buy,2.958,500,limit
20240207,SH.510050,09:35:50.143,sell,2.966,1500,limit
20240207,SH.510050,09:35:49.204,buy,2.957,1000,limit
20240207,SH.510050,09:35:50.029,sell,2.967,1500,limit
20240207,SH.510050,09:35:48.716,sell,2.967,1000,limit
20240207,SH.510050,09:35:50.230,sell,2.977,1000,stop
20240207,SH.510050,09:35:48.667,buy,2.956,400,limit
20240207,SH.510050,09:35:51.906,buy,2.958,200,limit
20240207,SH.510050,09:35:51.304,sell,2.963,2000,limit
20240207,SH.510050,09:35:52.230,sell,2.959,100,market
20240207,SH.510050,09:35:56.988,sell,2.958,1200,market
20240207,SH.510050,09:35:55.845,buy,2.957,300,limit
20240207,SH.510050,09:35:54.506,buy,2.958,1500,limit
20240207,SH.510050,09:35:55.591,sell,2.959,1000,market
20240207,SH.510050,09:35:54.923,buy,2.958,500,limit
20240207,SH.510050,09:35:56.364,buy,2.954,3000,limit
20240207,SH.510050,09:35:56.961,buy,2.962,300,market
20240207,SH.510050,09:35:58.189,sell,2.959,400,market
20240207,SH.510050,09:35:58.821,buy,2.948,5000,stop
20240207,SH.510050,09:35:57.599,sell,2.963,800,limit
20240207,SH.510050,09:35:57.925,sell,2.964,2000,limit
20240207,SH.510050,09:35:59.113,buy,2.956,500,limit
20240207,SH.510050,09:36:02.371,buy,2.957,1000,limit
20240207,SH.510050,09:36:01.764,buy,2.961,2000,market
20240207,SH.510050,09:36:01.038,sell,2.958,2000,market
20240207,SH.510050,09:36:01.103,buy,2.957,200,limit
20240207,SH.510050,09:36:00.769,sell,2.965,500,limit
20240207,SH.510050,09:36:02.997,sell,2.974,1500,stop
20240207,SH.510050,09:36:03.574,sell,2.962,2000,limit
20240207,SH.510050,09:36:05.602,sell,2.96,500,limit
20240207,SH.510050,09:36:04.181,buy,2.953,5000,limit
20240207,SH.510050,09:36:03.860,buy,2.953,600,limit
20240207,SH.510050,09:36:04.214,sell,2.967,500,stop
20240207,SH.510050,09:36:04.657,buy,2.956,2000,limit
20240207,SH.510050,09:36:07.881,sell,2.964,900,limit
20240207,SH.510050,09:36:06.736,buy,2.955,1000,limit
20240207,SH.510050,09:36:06.385,buy,2.955,1500,limit
20240207,SH.510050,09:36:07.123,buy,2.949,3000,stop
20240207,SH.510050,09:36:06.600,sell,2.964,900,limit
20240207,SH.510050,09:36:09.198,sell,2.961,2000,limit
20240207,SH.510050,09:36:11.936,buy,2.952,1500,limit
20240207,SH.510050,09:36:11.915,sell,2.96,1200,limit
20240207,SH.510050,09:36:10.858,buy,2.96,900,market
20240207,SH.510050,09:36:12.437,sell,2.961,2000,limit
20240207,SH.510050,09:36:13.913,sell,2.956,300,market
20240207,SH.510050,09:36:12.323,sell,2.961,5000,limit
20240207,SH.510050,09:36:14.571,buy,2.96,400,market
20240207,SH.510050,09:36:12.085,buy,2.96,4000,market
20240207,SH.510050,09:36:12.712,sell,2.961,1200,limit
20240207,SH.510050,09:36:13.422,sell,2.964,1500,stop
20240207,SH.510050,09:36:13.391,sell,2.955,2000,market
20240207,SH.510050,09:36:17.871,buy,2.952,400,limit
20240207,SH.510050,09:36:15.308,sell,2.962,3000,limit
20240207,SH.510050,09:36:16.231,sell,2.962,100,limit
20240207,SH.510050,09:36:17.268,buy,2.958,2000,market
20240207,SH.510050,09:36:16.218,sell,2.956,500,market
20240207,SH.510050,09:36:16.017,buy,2.953,4000,limit
20240207,SH.510050,09:36:16.273,buy,2.953,500,limit
20240207,SH.510050,09:36:16.175,sell,2.964,1500,stop
20240207,SH.510050,09:36:18.267,buy,2.956,1000,limit
20240207,SH.510050,09:36:20.897,sell,2.958,1000,market
20240207,SH.510050,09:36:19.896,sell,2.964,2000,limit
20240207,SH.510050,09:36:18.714,buy,2.953,500,limit
20240207,SH.510050,09:36:19.180,buy,2.96,900,market
20240207,SH.510050,09:36:20.236,sell,2.956,400,market
20240207,SH.510050,09:36:19.317,sell,2.962,1000,limit
20240207,SH.510050,09:36:18.800,buy,2.959,600,market
20240207,SH.510050,09:36:23.468,buy,2.96,1500,market
20240207,SH.510050,09:36:22.845,buy,2.953,1500,limit
20240207,SH.510050,09:36:23.577,buy,2.958,3000,market
20240207,SH.510050,09:36:23.811,sell,2.963,4000,limit
20240207,SH.510050,09:36:25.742,sell,2.965,4000,limit
20240207,SH.510050,09:36:24.185,sell,2.965,1000,limit
20240207,SH.510050,09:36:25.910,buy,2.954,1000,limit
20240207,SH.510050,09:36:25.140,sell,2.959,1000,market
20240207,SH.510050,09:36:28.503,sell,2.964,400,limit
20240207,SH.510050,09:36:28.767,buy,2.962,200,market
20240207,SH.510050,09:36:29.584,buy,2.963,100,market
20240207,SH.510050,09:36:28.777,sell,2.96,300,market
20240207,SH.510050,09:36:31.261,sell,2.965,200,limit
20240207,SH.510050,09:36:32.471,sell,2.959,1000,market
20240207,SH.510050,09:36:32.411,buy,2.958,200,limit
20240207,SH.510050,09:36:30.525,sell,2.963,1500,limit
20240207,SH.510050,09:36:30.348,sell,2.959,2500,market
20240207,SH.510050,09:36:30.147,buy,2.961,2500,market
20240207,SH.510050,09:36:30.914,sell,2.974,300,stop
20240207,SH.510050,09:36:32.637,sell,2.965,1000,limit
20240207,SH.510050,09:36:34.956,sell,2.959,300,market
20240207,SH.510050,09:36:35.786,buy,2.96,100,market
20240207,SH.510050,09:36:33.908,buy,2.958,2000,limit
20240207,SH.510050,09:36:34.729,sell,2.972,2000,stop
20240207,SH.510050,09:36:34.331,sell,2.961,300,limit
20240207,SH.510050,09:36:34.846,buy,2.948,1200,stop
20240207,SH.510050,09:36:37.373,buy,2.959,800,limit
20240207,SH.510050,09:36:38.086,sell,2.963,1500,limit
20240207,SH.510050,09:36:37.449,buy,2.959,1500,limit
20240207,SH.510050,09:36:39.036,buy,2.948,3000,stop
20240207,SH.510050,09:36:41.981,sell,2.959,300,market
20240207,SH.510050,09:36:39.635,buy,2.956,2000,limit
20240207,SH.510050,09:36:40.339,buy,2.963,1000,market
20240207,SH.510050,09:36:41.830,sell,2.967,500,limit
20240207,SH.510050,09:36:39.244,sell,2.966,5000,limit
20240207,SH.510050,09:36:44.778,buy,2.961,1500,market
20240207,SH.510050,09:36:43.511,buy,2.963,5000,market
20240207,SH.510050,09:36:44.333,buy,2.951,2000,stop
20240207,SH.510050,09:36:42.814,buy,2.957,100,limit
20240207,SH.510050,09:36:43.858,sell,2.959,1000,market
20240207,SH.510050,09:36:45.702,sell,2.964,400,limit
20240207,SH.510050,09:36:46.090,buy,2.956,1000,limit
20240207,SH.510050,09:36:47.278,buy,2.959,200,limit
20240207,SH.510050,09:36:47.476,buy,2.958,600,limit
20240207,SH.510050,09:36:45.798,sell,2.958,500,market
20240207,SH.510050,09:36:45.119,sell,2.962,2500,limit
20240207,SH.510050,09:36:47.492,sell,2.964,400,limit
20240207,SH.510050,09:36:48.228,buy,2.958,1500,limit
20240207,SH.510050,09:36:48.896,buy,2.961,2000,market
20240207,SH.510050,09:36:50.559,sell,2.965,400,limit
20240207,SH.510050,09:36:48.175,sell,2.963,2500,limit
20240207,SH.510050,09:36:48.170,sell,2.963,1000,limit
20240207,SH.510050,09:36:49.979,sell,2.965,300,limit
20240207,SH.510050,09:36:53.451,sell,2.965,200,limit
20240207,SH.510050,09:36:53.858,sell,2.974,600,stop
20240207,SH.510050,09:36:52.162,sell,2.957,1000,market
20240207,SH.510050,09:36:51.204,sell,2.957,200,market
20240207,SH.510050,09:36:54.350,buy,2.943,2000,stop
20240207,SH.510050,09:36:56.083,sell,2.963,1000,limit
20240207,SH.510050,09:36:54.662,sell,2.957,1200,market
20240207,SH.510050,09:36:57.839,sell,2.963,1000,limit
20240207,SH.510050,09:36:59.163,buy,2.956,1000,limit
20240207,SH.510050,09:36:57.107,buy,2.956,3000,limit
20240207,SH.510050,09:36:57.595,buy,2.958,1000,market
20240207,SH.510050,09:36:57.312,buy,2.954,2000,limit
20240207,SH.510050,09:36:57.767,sell,2.963,2000,limit
20240207,SH.510050,09:37:01.460,buy,2.95,400,stop
20240207,SH.510050,09:37:02.130,sell,2.963,300,limit
20240207,SH.510050,09:37:00.225,sell,2.961,500,limit
20240207,SH.510050,09:37:00.706,buy,2.959,2000,market
20240207,SH.510050,09:37:00.308,sell,2.964,1000,limit
20240207,SH.510050,09:37:02.240,sell,2.961,1000,limit
20240207,SH.510050,09:37:01.318,buy,2.953,4000,limit
20240207,SH.510050,09:37:02.479,sell,2.962,500,limit
20240207,SH.510050,09:37:04.217,sell,2.964,600,limit
20240207,SH.510050,09:37:03.112,buy,2.954,200,limit
20240207,SH.510050,09:37:05.031,buy,2.958,1500,limit
20240207,SH.510050,09:37:04.938,sell,2.959,500,market
20240207,SH.510050,09:37:03.607,sell,2.963,1000,limit
20240207,SH.510050,09:37:03.968,sell,2.961,4000,limit
20240207,SH.510050,09:37:05.815,buy,2.96,5000,market
20240207,SH.510050,09:37:04.282,buy,2.96,2000,market
20240207,SH.510050,09:37:08.089,buy,2.958,3000,limit
20240207,SH.510050,09:37:08.308,sell,2.975,2000,stop
20240207,SH.510050,09:37:06.818,buy,2.956,100,limit
20240207,SH.510050,09:37:06.387,buy,2.957,600,limit
20240207,SH.510050,09:37:06.189,buy,2.963,2000,market
20240207,SH.510050,09:37:08.418,buy,2.957,1000,limit
20240207,SH.510050,09:37:08.801,buy,2.954,5000,stop
20240207,SH.510050,09:37:09.617,sell,2.963,200,limit
20240207,SH.510050,09:37:11.708,sell,2.96,200,market
20240207,SH.510050,09:37:10.607,sell,2.965,1200,limit
20240207,SH.510050,09:37:13.860,sell,2.968,1000,limit
20240207,SH.510050,09:37:13.074,sell,2.961,1500,market
20240207,SH.510050,09:37:14.614,buy,2.96,500,limit
20240207,SH.510050,09:37:12.159,buy,2.964,500,market
20240207,SH.510050,09:37:14.014,buy,2.957,3000,limit
20240207,SH.510050,09:37:14.162,sell,2.967,500,limit
20240207,SH.510050,09:37:17.936,sell,2.96,400,market
20240207,SH.510050,09:37:16.597,sell,2.966,1500,limit
20240207,SH.510050,09:37:17.364,sell,2.96,2000,market
20240207,SH.510050,09:37:17.269,sell,2.964,1500,limit
20240207,SH.510050,09:37:15.771,sell,2.964,1000,limit
20240207,SH.510050,09:37:16.232,buy,2.964,600,market
20240207,SH.510050,09:37:19.938,sell,2.96,1500,market
20240207,SH.510050,09:37:18.494,buy,2.959,1000,limit
20240207,SH.510050,09:37:19.727,buy,2.964,2500,market
20240207,SH.510050,09:37:20.723,sell,2.965,4000,limit
20240207,SH.510050,09:37:21.693,buy,2.959,2500,limit
20240207,SH.510050,09:37:22.114,sell,2.959,900,market
20240207,SH.510050,09:37:22.383,buy,2.957,500,limit
20240207,SH.510050,09:37:23.274,sell,2.975,1500,stop
20240207,SH.510050,09:37:26.476,sell,2.966,2000,limit
20240207,SH.510050,09:37:24.872,sell,2.976,5000,stop
20240207,SH.510050,09:37:25.414,sell,2.964,2000,limit
20240207,SH.510050,09:37:26.750,sell,2.961,5000,market
20240207,SH.510050,09:37:26.562,sell,2.966,2000,limit
20240207,SH.510050,09:37:24.202,buy,2.959,200,limit
20240207,SH.510050,09:37:25.274,buy,2.958,1000,limit
20240207,SH.510050,09:37:27.008,sell,2.963,400,limit
20240207,SH.510050,09:37:27.921,sell,2.964,5000,limit
20240207,SH.510050,09:37:27.759,sell,2.959,600,market
20240207,SH.510050,09:37:29.366,sell,2.958,600,market
20240207,SH.510050,09:37:32.243,buy,2.956,5000,limit
20240207,SH.510050,09:37:30.004,sell,2.964,400,limit
20240207,SH.510050,09:37:32.596,sell,2.967,300,stop
20240207,SH.510050,09:37:31.974,buy,2.961,1000,market
20240207,SH.510050,09:37:31.240,sell,2.962,1000,limit
20240207,SH.510050,09:37:31.143,buy,2.957,600,limit
20240207,SH.510050,09:37:30.362,sell,2.957,3000,market
20240207,SH.510050,09:37:35.264,buy,2.946,2500,stop
20240207,SH.510050,09:37:34.615,buy,2.96,2500,market
20240207,SH.510050,09:37:33.663,buy,2.957,2500,limit
20240207,SH.510050,09:37:33.889,buy,2.962,1000,market
20240207,SH.510050,09:37:38.353,buy,2.956,100,limit
20240207,SH.510050,09:37:36.910,buy,2.96,600,market
20240207,SH.510050,09:37:38.692,buy,2.958,200,limit
20240207,SH.510050,09:37:38.570,sell,2.962,300,limit
20240207,SH.510050,09:37:36.078,buy,2.957,400,limit
20240207,SH.510050,09:37:37.756,buy,2.955,100,limit
20240207,SH.510050,09:37:39.299,buy,2.957,1000,limit
20240207,SH.510050,09:37:39.514,sell,2.968,4000,stop
20240207,SH.510050,09:37:40.772,sell,2.961,4000,limit
20240207,SH.510050,09:37:41.221,buy,2.961,200,market
20240207,SH.510050,09:37:40.616,buy,2.96,400,market
20240207,SH.510050,09:37:41.909,buy,2.955,400,limit
20240207,SH.510050,09:37:39.266,buy,2.955,600,limit
20240207,SH.510050,09:37:42.495,buy,2.961,1000,market
20240207,SH.510050,09:37:43.230,sell,2.962,200,limit
20240207,SH.510050,09:37:44.743,sell,2.963,5000,limit
20240207,SH.510050,09:37:42.622,sell,2.964,2000,limit
20240207,SH.510050,09:37:46.906,sell,2.967,1500,limit
20240207,SH.510050,09:37:47.123,sell,2.967,600,limit
20240207,SH.510050,09:37:46.078,sell,2.959,800,market
20240207,SH.510050,09:37:46.615,sell,2.959,4000,market
20240207,SH.510050,09:37:46.455,sell,2.965,200,limit
20240207,SH.510050,09:37:45.553,sell,2.96,900,market
20240207,SH.510050,09:37:49.118,sell,2.967,3000,limit
20240207,SH.510050,09:37:48.128,sell,2.961,200,market
20240207,SH.510050,09:37:49.225,buy,2.959,2000,limit
20240207,SH.510050,09:37:49.278,buy,2.959,1000,limit
20240207,SH.510050,09:37:49.739,buy,2.957,3000,limit
20240207,SH.510050,09:37:51.042,buy,2.957,600,limit
20240207,SH.510050,09:37:51.279,buy,2.956,800,limit
20240207,SH.510050,09:37:51.432,buy,2.961,1500,market
20240207,SH.510050,09:37:53.969,buy,2.955,600,limit
20240207,SH.510050,09:37:53.304,buy,2.963,600,market
20240207,SH.510050,09:37:52.028,buy,2.957,3000,limit
20240207,SH.510050,09:37:52.674,buy,2.961,2000,market
20240207,SH.510050,09:37:56.235,buy,2.961,1000,market
20240207,SH.510050,09:37:54.498,sell,2.965,500,limit
20240207,SH.510050,09:37:55.947,sell,2.962,900,limit
20240207,SH.510050,09:37:56.264,buy,2.962,900,market
20240207,SH.510050,09:37:54.151,sell,2.959,500,market
20240207,SH.510050,09:37:54.186,sell,2.961,200,limit
20240207,SH.510050,09:37:59.846,buy,2.953,100,limit
20240207,SH.510050,09:37:57.479,buy,2.952,200,limit
20240207,SH.510050,09:37:58.863,buy,2.952,400,limit
20240207,SH.510050,09:37:57.404,buy,2.954,400,limit
20240207,SH.510050,09:37:58.141,sell,2.956,400,market
20240207,SH.510050,09:38:01.941,sell,2.964,2000,limit
20240207,SH.510050,09:38:00.262,sell,2.961,300,limit
20240207,SH.510050,09:38:00.996,buy,2.956,400,limit
20240207,SH.510050,09:38:01.087,buy,2.954,3000,limit
20240207,SH.510050,09:38:01.821,sell,2.964,1000,limit
20240207,SH.510050,09:38:00.065,sell,2.96,5000,limit
20240207,SH.510050,09:38:05.647,sell,2.961,400,limit
20240207,SH.510050,09:38:05.586,sell,2.963,100,limit
20240207,SH.510050,09:38:03.605,sell,2.961,800,limit
20240207,SH.510050,09:38:05.486,buy,2.952,300,stop
20240207,SH.510050,09:38:05.624,sell,2.958,3000,market
20240207,SH.510050,09:38:06.800,buy,2.948,1200,stop
20240207,SH.510050,09:38:06.046,buy,2.956,400,limit
20240207,SH.510050,09:38:07.444,sell,2.961,400,limit
20240207,SH.510050,09:38:07.609,sell,2.956,200,market
20240207,SH.510050,09:38:08.074,buy,2.959,1500,market
20240207,SH.510050,09:38:09.317,sell,2.962,600,limit
20240207,SH.510050,09:38:09.986,buy,2.961,500,market
20240207,SH.510050,09:38:10.068,buy,2.954,300,limit
20240207,SH.510050,09:38:14.579,buy,2.955,2500,limit
20240207,SH.510050,09:38:12.260,buy,2.962,1000,market
20240207,SH.510050,09:38:12.164,buy,2.957,3000,limit
20240207,SH.510050,09:38:12.954,sell,2.958,200,market
20240207,SH.510050,09:38:13.063,sell,2.962,4000,limit
20240207,SH.510050,09:38:16.928,sell,2.968,900,stop
20240207,SH.510050,09:38:15.030,sell,2.966,200,limit
20240207,SH.510050,09:38:15.347,buy,2.96,1000,limit
20240207,SH.510050,09:38:17.492,buy,2.957,1500,limit
20240207,SH.510050,09:38:16.616,sell,2.961,100,market
20240207,SH.510050,09:38:16.252,buy,2.956,2000,limit
20240207,SH.510050,09:38:20.317,buy,2.956,5000,limit
20240207,SH.510050,09:38:18.910,buy,2.956,500,limit
20240207,SH.510050,09:38:20.713,sell,2.967,400,limit
20240207,SH.510050,09:38:19.144,sell,2.971,400,stop
20240207,SH.510050,09:38:18.102,buy,2.962,500,market
20240207,SH.510050,09:38:20.653,sell,2.959,5000,market
20240207,SH.510050,09:38:23.535,sell,2.96,600,market
20240207,SH.510050,09:38:21.682,sell,2.96,2000,market
20240207,SH.510050,09:38:23.077,buy,2.963,600,market
20240207,SH.510050,09:38:26.881,buy,2.962,1000,market
20240207,SH.510050,09:38:24.849,buy,2.962,900,market
20240207,SH.510050,09:38:25.511,buy,2.951,4000,stop
20240207,SH.510050,09:38:25.839,sell,2.965,100,limit
20240207,SH.510050,09:38:24.786,buy,2.964,600,market
20240207,SH.510050,09:38:29.632,buy,2.959,2000,limit
20240207,SH.510050,09:38:27.598,buy,2.963,2000,market
20240207,SH.510050,09:38:28.169,buy,2.963,2000,market
20240207,SH.510050,09:38:27.925,buy,2.956,2500,limit
20240207,SH.510050,09:38:28.769,sell,2.962,600,limit
20240207,SH.510050,09:38:27.494,sell,2.958,1000,market
20240207,SH.510050,09:38:28.074,sell,2.959,300,market
20240207,SH.510050,09:38:27.718,sell,2.964,1000,limit
20240207,SH.510050,09:38:30.784,buy,2.962,500,market
20240207,SH.510050,09:38:32.235,sell,2.966,100,limit
20240207,SH.510050,09:38:31.808,buy,2.96,1200,limit
20240207,SH.510050,09:38:31.209,buy,2.956,1000,limit
20240207,SH.510050,09:38:32.237,buy,2.958,400,limit
20240207,SH.510050,09:38:30.442,sell,2.968,2500,stop
20240207,SH.510050,09:38:30.153,buy,2.964,1500,market
20240207,SH.510050,09:38:35.756,buy,2.958,600,limit
20240207,SH.510050,09:38:33.247,buy,2.958,1000,limit
20240207,SH.510050,09:38:33.147,buy,2.963,900,market
20240207,SH.510050,09:38:33.673,buy,2.96,5000,limit
20240207,SH.510050,09:38:34.151,buy,2.958,200,limit
20240207,SH.510050,09:38:33.589,sell,2.963,100,limit
20240207,SH.510050,09:38:34.065,sell,2.964,200,limit
20240207,SH.510050,09:38:33.279,buy,2.957,200,limit
20240207,SH.510050,09:38:37.091,buy,2.96,1200,limit
20240207,SH.510050,09:38:37.959,sell,2.966,600,limit
20240207,SH.510050,09:38:38.509,buy,2.96,900,limit
20240207,SH.510050,09:38:36.698,sell,2.959,600,market
20240207,SH.510050,09:38:37.902,sell,2.961,1000,market
20240207,SH.510050,09:38:38.583,buy,2.958,300,limit
20240207,SH.510050,09:38:38.952,sell,2.961,900,market
20240207,SH.510050,09:38:37.384,sell,2.965,1000,limit
20240207,SH.510050,09:38:40.307,sell,2.967,600,limit
20240207,SH.510050,09:38:40.581,sell,2.967,1200,limit
20240207,SH.510050,09:38:41.364,buy,2.964,800,market
20240207,SH.510050,09:38:40.291,sell,2.969,600,stop
20240207,SH.510050,09:38:43.378,buy,2.964,400,market
20240207,SH.510050,09:38:43.168,sell,2.969,1500,limit
20240207,SH.510050,09:38:43.332,buy,2.961,1200,limit
20240207,SH.510050,09:38:44.781,sell,2.963,100,market
20240207,SH.510050,09:38:44.893,buy,2.96,2500,limit
20240207,SH.510050,09:38:43.055,sell,2.965,1000,limit
20240207,SH.510050,09:38:44.808,buy,2.965,1500,market
20240207,SH.510050,09:38:46.759,buy,2.964,400,market
20240207,SH.510050,09:38:47.147,buy,2.957,2000,limit
20240207,SH.510050,09:38:45.917,buy,2.963,2000,market
20240207,SH.510050,09:38:47.160,sell,2.967,1000,limit
20240207,SH.510050,09:38:46.513,buy,2.958,4000,limit
20240207,SH.510050,09:38:45.145,sell,2.961,100,market
20240207,SH.510050,09:38:48.807,buy,2.961,800,limit
20240207,SH.510050,09:38:50.838,buy,2.957,1500,limit
20240207,SH.510050,09:38:49.595,sell,2.964,4000,limit
20240207,SH.510050,09:38:49.422,buy,2.957,400,limit
20240207,SH.510050,09:38:48.176,buy,2.961,200,limit
20240207,SH.510050,09:38:48.941,sell,2.96,1500,market
20240207,SH.510050,09:38:51.519,sell,2.966,400,limit
20240207,SH.510050,09:38:51.977,sell,2.965,400,limit
20240207,SH.510050,09:38:53.388,buy,2.965,600,market
20240207,SH.510050,09:38:56.623,sell,2.966,1000,limit
20240207,SH.510050,09:38:55.823,sell,2.962,1200,market
20240207,SH.510050,09:38:55.843,buy,2.957,900,limit
20240207,SH.510050,09:38:54.959,sell,2.968,5000,limit
20240207,SH.510050,09:38:58.116,sell,2.964,600,limit
20240207,SH.510050,09:38:57.645,buy,2.957,900,limit
20240207,SH.510050,09:38:57.017,buy,2.958,1000,limit
20240207,SH.510050,09:38:59.908,sell,2.966,3000,limit
20240207,SH.510050,09:38:58.133,sell,2.967,600,limit
20240207,SH.510050,09:39:01.748,buy,2.96,1000,limit
20240207,SH.510050,09:39:01.731,buy,2.96,1000,limit
20240207,SH.510050,09:39:02.080,sell,2.965,500,limit
20240207,SH.510050,09:39:01.665,sell,2.964,100,limit
20240207,SH.510050,09:39:01.235,buy,2.95,2500,stop
20240207,SH.510050,09:39:00.002,buy,2.961,600,limit
20240207,SH.510050,09:39:00.245,buy,2.955,900,stop
20240207,SH.510050,09:39:03.139,sell,2.964,800,limit
20240207,SH.510050,09:39:04.167,sell,2.961,400,market
20240207,SH.510050,09:39:03.386,buy,2.963,2500,market
20240207,SH.510050,09:39:05.182,buy,2.956,600,limit
20240207,SH.510050,09:39:07.458,sell,2.965,900,limit
20240207,SH.510050,09:39:07.256,buy,2.955,1000,limit
20240207,SH.510050,09:39:08.426,sell,2.962,4000,limit
20240207,SH.510050,09:39:07.643,buy,2.96,200,market
20240207,SH.510050,09:39:08.386,sell,2.961,1000,limit
20240207,SH.510050,09:39:09.317,buy,2.954,4000,limit
20240207,SH.510050,09:39:10.809,sell,2.959,5000,market
20240207,SH.510050,09:39:11.145,buy,2.956,400,limit
20240207,SH.510050,09:39:09.767,buy,2.962,1500,market
20240207,SH.510050,09:39:11.130,sell,2.961,200,limit
20240207,SH.510050,09:39:14.225,buy,2.956,400,limit
20240207,SH.510050,09:39:14.636,sell,2.963,400,limit
20240207,SH.510050,09:39:12.081,sell,2.963,1500,limit
20240207,SH.510050,09:39:15.523,sell,2.959,4000,market
20240207,SH.510050,09:39:15.068,sell,2.972,2500,stop
20240207,SH.510050,09:39:15.789,sell,2.962,1000,limit
20240207,SH.510050,09:39:17.981,buy,2.958,400,limit
20240207,SH.510050,09:39:17.216,buy,2.956,300,limit
20240207,SH.510050,09:39:15.902,buy,2.958,300,limit
20240207,SH.510050,09:39:15.735,buy,2.96,2000,market
20240207,SH.510050,09:39:18.187,buy,2.955,1500,limit
20240207,SH.510050,09:39:18.688,sell,2.961,600,limit
20240207,SH.510050,09:39:18.491,sell,2.96,200,limit
20240207,SH.510050,09:39:18.568,sell,2.96,3000,limit
20240207,SH.510050,09:39:19.629,sell,2.962,600,limit
20240207,SH.510050,09:39:19.427,buy,2.944,4000,stop
20240207,SH.510050,09:39:18.836,sell,2.961,1000,limit
20240207,SH.510050,09:39:21.090,buy,2.953,2500,limit
20240207,SH.510050,09:39:22.633,buy,2.955,600,limit
20240207,SH.510050,09:39:23.168,sell,2.964,800,limit
20240207,SH.510050,09:39:24.228,buy,2.952,500,limit
20240207,SH.510050,09:39:26.666,buy,2.959,4000,market
20240207,SH.510050,09:39:26.922,buy,2.959,800,market
20240207,SH.510050,09:39:24.309,buy,2.954,900,limit
20240207,SH.510050,09:39:24.394,buy,2.959,200,market
20240207,SH.510050,09:39:24.355,sell,2.962,300,limit
20240207,SH.510050,09:39:28.962,sell,2.968,500,stop
20240207,SH.510050,09:39:28.214,sell,2.969,3000,stop
20240207,SH.510050,09:39:27.043,sell,2.959,4000,market
20240207,SH.510050,09:39:29.866,buy,2.957,900,limit
20240207,SH.510050,09:39:28.190,sell,2.959,900,market
20240207,SH.510050,09:39:30.309,buy,2.955,3000,limit
20240207,SH.510050,09:39:32.177,buy,2.956,200,limit
20240207,SH.510050,09:39:31.952,sell,2.957,400,market
20240207,SH.510050,09:39:32.378,buy,2.954,800,limit
20240207,SH.510050,09:39:30.849,sell,2.956,400,market
20240207,SH.510050,09:39:30.982,sell,2.961,100,limit
20240207,SH.510050,09:39:31.500,buy,2.959,4000,market
20240207,SH.510050,09:39:33.244,buy,2.957,1000,limit
20240207,SH.510050,09:39:35.637,buy,2.952,900,stop
20240207,SH.510050,09:39:34.694,buy,2.961,1000,market
20240207,SH.510050,09:39:33.894,sell,2.969,1000,stop
20240207,SH.510050,09:39:37.235,buy,2.954,400,limit
20240207,SH.510050,09:39:38.364,sell,2.962,200,limit
20240207,SH.510050,09:39:38.166,sell,2.958,200,market
20240207,SH.510050,09:39:37.140,sell,2.963,500,limit
20240207,SH.510050,09:39:37.579,buy,2.954,1000,limit
20240207,SH.510050,09:39:39.842,sell,2.959,500,limit
20240207,SH.510050,09:39:41.858,buy,2.956,1000,limit
20240207,SH.510050,09:39:39.150,sell,2.957,1000,market
20240207,SH.510050,09:39:40.724,sell,2.96,1500,limit
20240207,SH.510050,09:39:41.653,sell,2.959,1000,limit
20240207,SH.510050,09:39:39.514,buy,2.953,800,limit
20240207,SH.510050,09:39:43.261,sell,2.963,300,limit
20240207,SH.510050,09:39:44.912,buy,2.954,3000,limit
20240207,SH.510050,09:39:42.787,buy,2.956,600,limit
20240207,SH.510050,09:39:43.507,sell,2.964,300,limit
20240207,SH.510050,09:39:42.900,sell,2.963,4000,limit
20240207,SH.510050,09:39:42.526,buy,2.95,2000,stop
20240207,SH.510050,09:39:47.148,buy,2.959,5000,market
20240207,SH.510050,09:39:45.135,sell,2.957,3000,market
20240207,SH.510050,09:39:46.917,sell,2.956,2000,market
20240207,SH.510050,09:39:45.422,buy,2.955,1000,limit
20240207,SH.510050,09:39:46.632,sell,2.956,500,market
20240207,SH.510050,09:39:46.611,sell,2.964,500,limit
20240207,SH.510050,09:39:48.532,sell,2.967,1000,stop
20240207,SH.510050,09:39:48.919,buy,2.955,2000,limit
20240207,SH.510050,09:39:49.186,sell,2.961,1200,limit
20240207,SH.510050,09:39:50.720,sell,2.962,800,limit
20240207,SH.510050,09:39:49.818,sell,2.959,1000,limit
20240207,SH.510050,09:39:50.199,sell,2.961,1500,limit
20240207,SH.510050,09:39:51.692,buy,2.956,200,limit
20240207,SH.510050,09:39:53.995,buy,2.96,1000,market
20240207,SH.510050,09:39:53.357,sell,2.964,1000,stop
20240207,SH.510050,09:39:51.222,sell,2.963,300,limit
20240207,SH.510050,09:39:52.504,buy,2.955,500,limit
20240207,SH.510050,09:39:51.697,sell,2.96,200,limit
20240207,SH.510050,09:39:52.956,sell,2.962,300,limit
20240207,SH.510050,09:39:56.140,buy,2.958,600,market
20240207,SH.510050,09:39:56.801,sell,2.957,800,market
20240207,SH.510050,09:39:55.531,buy,2.96,1000,market
20240207,SH.510050,09:39:54.896,sell,2.964,800,stop
20240207,SH.510050,09:39:55.577,sell,2.955,5000,market
20240207,SH.510050,09:39:55.539,sell,2.956,200,market
20240207,SH.510050,09:39:54.937,buy,2.954,4000,limit
20240207,SH.510050,09:39:58.622,buy,2.956,4000,limit
20240207,SH.510050,09:39:57.784,sell,2.956,2500,market
20240207,SH.510050,09:39:57.982,sell,2.962,400,limit
20240207,SH.510050,09:39:59.366,buy,2.945,200,stop
20240207,SH.510050,09:39:57.661,sell,2.962,2000,limit
20240207,SH.510050,09:39:58.237,sell,2.959,100,limit
20240207,SH.510050,09:39:57.180,sell,2.962,1000,limit
20240207,SH.510050,09:40:02.697,sell,2.959,300,limit
20240207,SH.510050,09:40:02.487,buy,2.956,1000,limit
20240207,SH.510050,09:40:01.490,buy,2.96,1000,market
20240207,SH.510050,09:40:00.016,sell,2.957,200,market
20240207,SH.510050,09:40:02.809,buy,2.946,600,stop
20240207,SH.510050,09:40:00.165,buy,2.956,500,limit
20240207,SH.510050,09:40:00.324,buy,2.954,800,limit
20240207,SH.510050,09:40:03.146,sell,2.959,3000,limit
20240207,SH.510050,09:40:04.568,buy,2.954,400,limit
20240207,SH.510050,09:40:04.782,buy,2.954,2000,limit
20240207,SH.510050,09:40:05.451,sell,2.962,1500,limit
20240207,SH.510050,09:40:05.806,buy,2.956,100,limit
20240207,SH.510050,09:40:03.760,buy,2.952,500,limit
20240207,SH.510050,09:40:03.043,sell,2.961,100,limit
20240207,SH.510050,09:40:06.223,sell,2.959,800,limit
20240207,SH.510050,09:40:08.978,buy,2.943,1000,stop
20240207,SH.510050,09:40:07.111,sell,2.956,600,market
20240207,SH.510050,09:40:07.962,sell,2.962,4000,limit
20240207,SH.510050,09:40:06.973,sell,2.961,1000,limit
20240207,SH.510050,09:40:10.760,sell,2.961,400,limit
20240207,SH.510050,09:40:10.514,sell,2.96,1000,limit
20240207,SH.510050,09:40:10.789,buy,2.959,400,market
20240207,SH.510050,09:40:09.422,buy,2.959,1000,market
20240207,SH.510050,09:40:09.925,sell,2.963,1000,limit
20240207,SH.510050,09:40:14.793,sell,2.96,800,limit
20240207,SH.510050,09:40:13.235,buy,2.95,500,limit
20240207,SH.510050,09:40:14.162,buy,2.95,400,limit
20240207,SH.510050,09:40:16.193,sell,2.97,400,stop
20240207,SH.510050,09:40:17.892,buy,2.952,500,limit
20240207,SH.510050,09:40:15.701,sell,2.954,1000,market
20240207,SH.510050,09:40:15.158,sell,2.961,2000,limit
20240207,SH.510050,09:40:16.893,sell,2.955,300,market
20240207,SH.510050,09:40:17.497,buy,2.958,1000,market
20240207,SH.510050,09:40:18.331,sell,2.955,5000,market
20240207,SH.510050,09:40:20.503,buy,2.958,1000,market
20240207,SH.510050,09:40:19.758,sell,2.961,1500,limit
20240207,SH.510050,09:40:18.635,buy,2.951,500,limit
20240207,SH.510050,09:40:22.920,buy,2.958,200,market
20240207,SH.510050,09:40:21.609,sell,2.96,2000,limit
20240207,SH.510050,09:40:21.204,sell,2.961,500,limit
20240207,SH.510050,09:40:22.455,buy,2.958,1500,market
20240207,SH.510050,09:40:23.228,buy,2.951,1000,limit
20240207,SH.510050,09:40:22.760,buy,2.953,1500,limit
20240207,SH.510050,09:40:22.775,sell,2.961,1000,limit
20240207,SH.510050,09:40:26.422,sell,2.967,3000,stop
20240207,SH.510050,09:40:24.737,buy,2.959,2500,market
20240207,SH.510050,09:40:26.152,buy,2.954,1200,limit
20240207,SH.510050,09:40:25.559,buy,2.952,1500,limit
20240207,SH.510050,09:40:25.350,buy,2.951,300,limit
20240207,SH.510050,09:40:24.650,buy,2.954,200,limit
20240207,SH.510050,09:40:25.794,sell,2.961,500,limit
20240207,SH.510050,09:40:26.876,buy,2.943,100,stop
20240207,SH.510050,09:40:27.946,sell,2.966,100,stop
20240207,SH.510050,09:40:28.191,sell,2.959,1200,limit
20240207,SH.510050,09:40:28.452,buy,2.957,900,market
20240207,SH.510050,09:40:29.278,buy,2.951,2000,limit
20240207,SH.510050,09:40:29.059,sell,2.961,4000,limit
20240207,SH.510050,09:40:27.225,sell,2.959,3000,limit
20240207,SH.510050,09:40:27.895,buy,2.953,900,limit
20240207,SH.510050,09:40:31.730,buy,2.955,300,limit
20240207,SH.510050,09:40:31.874,sell,2.973,800,stop
20240207,SH.510050,09:40:31.695,buy,2.955,2000,limit
20240207,SH.510050,09:40:30.646,buy,2.953,1000,limit
20240207,SH.510050,09:40:31.270,buy,2.954,100,limit
20240207,SH.510050,09:40:32.240,buy,2.955,800,limit
20240207,SH.510050,09:40:35.460,buy,2.953,3000,limit
20240207,SH.510050,09:40:35.090,sell,2.96,4000,limit
20240207,SH.510050,09:40:33.033,buy,2.953,1500,limit
20240207,SH.510050,09:40:34.054,sell,2.961,2500,limit
20240207,SH.510050,09:40:35.310,buy,2.952,400,limit
20240207,SH.510050,09:40:35.538,sell,2.963,500,limit
20240207,SH.510050,09:40:38.782,sell,2.963,100,limit
20240207,SH.510050,09:40:38.164,buy,2.953,4000,limit
20240207,SH.510050,09:40:37.536,sell,2.964,100,stop
20240207,SH.510050,09:40:37.203,buy,2.953,600,limit
20240207,SH.510050,09:40:38.919,sell,2.963,200,limit
20240207,SH.510050,09:40:37.282,sell,2.962,300,limit
20240207,SH.510050,09:40:38.027,sell,2.955,1500,market
20240207,SH.510050,09:40:36.902,sell,2.955,400,market
20240207,SH.510050,09:40:41.478,buy,2.953,5000,limit
20240207,SH.510050,09:40:41.023,buy,2.954,800,limit
20240207,SH.510050,09:40:39.404,sell,2.955,600,market
20240207,SH.510050,09:40:39.275,sell,2.959,300,limit
20240207,SH.510050,09:40:40.163,buy,2.947,2500,stop
20240207,SH.510050,09:40:39.760,buy,2.957,300,market
20240207,SH.510050,09:40:39.817,buy,2.949,600,stop
20240207,SH.510050,09:40:41.477,sell,2.961,1000,limit
20240207,SH.510050,09:40:44.113,buy,2.956,100,limit
20240207,SH.510050,09:40:43.009,buy,2.95,1500,stop
20240207,SH.510050,09:40:44.590,sell,2.968,5000,stop
20240207,SH.510050,09:40:45.452,buy,2.955,600,limit
20240207,SH.510050,09:40:45.904,buy,2.961,200,market
20240207,SH.510050,09:40:47.696,sell,2.962,800,limit
20240207,SH.510050,09:40:45.011,buy,2.961,300,market
20240207,SH.510050,09:40:47.506,buy,2.959,3000,market
20240207,SH.510050,09:40:45.241,sell,2.961,500,limit
20240207,SH.510050,09:40:48.454,sell,2.964,2500,limit
20240207,SH.510050,09:40:50.413,sell,2.97,4000,stop
20240207,SH.510050,09:40:49.376,buy,2.956,2000,limit
20240207,SH.510050,09:40:50.861,buy,2.956,3000,limit
20240207,SH.510050,09:40:50.839,sell,2.962,300,limit
20240207,SH.510050,09:40:50.486,buy,2.957,400,limit
20240207,SH.510050,09:40:49.268,sell,2.965,2000,limit
20240207,SH.510050,09:40:50.249,buy,2.962,1000,market
20240207,SH.510050,09:40:52.602,buy,2.963,2000,market
20240207,SH.510050,09:40:53.457,buy,2.962,1000,market
20240207,SH.510050,09:40:52.214,buy,2.961,500,market
20240207,SH.510050,09:40:51.005,sell,2.962,3000,limit
20240207,SH.510050,09:40:51.407,buy,2.962,200,market
20240207,SH.510050,09:40:55.671,sell,2.961,2000,limit
20240207,SH.510050,09:40:56.836,buy,2.956,800,limit
20240207,SH.510050,09:40:54.036,sell,2.962,200,limit
20240207,SH.510050,09:40:54.489,sell,2.957,200,market
20240207,SH.510050,09:40:54.546,buy,2.961,4000,market
20240207,SH.510050,09:40:54.477,buy,2.958,4000,limit
20240207,SH.510050,09:40:56.619,sell,2.958,1500,market
20240207,SH.510050,09:40:57.495,buy,2.958,900,limit
20240207,SH.510050,09:40:58.213,buy,2.956,500,limit
20240207,SH.510050,09:40:57.743,sell,2.965,600,limit
20240207,SH.510050,09:41:00.983,sell,2.96,400,market
20240207,SH.510050,09:41:02.070,sell,2.968,1500,limit
20240207,SH.510050,09:41:02.777,buy,2.961,100,limit
20240207,SH.510050,09:41:02.338,sell,2.964,1200,limit
20240207,SH.510050,09:41:03.659,sell,2.965,900,limit
20240207,SH.510050,09:41:05.430,buy,2.965,4000,market
20240207,SH.510050,09:41:03.076,buy,2.954,2500,stop
20240207,SH.510050,09:41:04.451,buy,2.962,1000,limit
20240207,SH.510050,09:41:05.687,sell,2.961,300,market
20240207,SH.510050,09:41:05.444,buy,2.965,1000,market
20240207,SH.510050,09:41:04.234,buy,2.965,1000,market
20240207,SH.510050,09:41:04.035,buy,2.959,1500,limit
20240207,SH.510050,09:41:07.822,buy,2.961,100,limit
20240207,SH.510050,09:41:07.194,sell,2.965,500,limit
20240207,SH.510050,09:41:08.679,buy,2.961,900,limit
20240207,SH.510050,09:41:11.506,buy,2.965,1500,market
20240207,SH.510050,09:41:09.171,sell,2.966,900,limit
20240207,SH.510050,09:41:09.564,buy,2.959,500,limit
20240207,SH.510050,09:41:11.177,sell,2.967,1000,limit
20240207,SH.510050,09:41:10.827,sell,2.969,1000,limit
20240207,SH.510050,09:41:10.774,buy,2.959,4000,limit
20240207,SH.510050,09:41:09.566,buy,2.953,400,stop
20240207,SH.510050,09:41:14.056,buy,2.955,1000,stop
20240207,SH.510050,09:41:12.782,buy,2.959,300,limit
20240207,SH.510050,09:41:14.434,buy,2.957,1000,limit
20240207,SH.510050,09:41:13.185,buy,2.961,1000,limit
20240207,SH.510050,09:41:13.756,buy,2.96,500,limit
20240207,SH.510050,09:41:13.721,buy,2.948,3000,stop
20240207,SH.510050,09:41:14.819,buy,2.963,200,market
20240207,SH.510050,09:41:13.452,buy,2.954,2000,stop
20240207,SH.510050,09:41:15.470,sell,2.968,300,limit
20240207,SH.510050,09:41:16.135,sell,2.966,1000,limit
20240207,SH.510050,09:41:17.588,buy,2.965,800,market
20240207,SH.510050,09:41:16.275,buy,2.964,500,market
20240207,SH.510050,09:41:16.839,buy,2.965,200,market
20240207,SH.510050,09:41:20.656,sell,2.967,300,limit
20240207,SH.510050,09:41:18.868,sell,2.967,500,limit
20240207,SH.510050,09:41:18.129,buy,2.96,800,limit
20240207,SH.510050,09:41:19.961,buy,2.961,1500,limit
20240207,SH.510050,09:41:18.358,sell,2.966,300,limit
20240207,SH.510050,09:41:18.872,buy,2.961,400,limit
20240207,SH.510050,09:41:20.364,buy,2.961,2500,limit
20240207,SH.510050,09:41:22.773,sell,2.962,1500,market
20240207,SH.510050,09:41:22.198,sell,2.962,600,market
20240207,SH.510050,09:41:22.919,sell,2.967,300,limit
20240207,SH.510050,09:41:21.913,sell,2.965,4000,limit
20240207,SH.510050,09:41:22.357,buy,2.958,2500,limit
20240207,SH.510050,09:41:21.984,buy,2.959,500,limit
20240207,SH.510050,09:41:26.986,buy,2.966,1000,market
20240207,SH.510050,09:41:24.080,sell,2.967,1000,limit
20240207,SH.510050,09:41:25.519,sell,2.969,5000,limit
20240207,SH.510050,09:41:25.696,sell,2.961,600,market
20240207,SH.510050,09:41:24.139,sell,2.962,900,market
20240207,SH.510050,09:41:24.607,buy,2.959,300,limit
20240207,SH.510050,09:41:24.381,buy,2.96,300,limit
20240207,SH.510050,09:41:28.377,sell,2.969,100,limit
20240207,SH.510050,09:41:29.468,sell,2.968,500,limit
20240207,SH.510050,09:41:28.230,sell,2.976,1200,stop
20240207,SH.510050,09:41:29.673,buy,2.961,2000,limit
20240207,SH.510050,09:41:27.419,sell,2.965,200,limit
20240207,SH.510050,09:41:29.155,sell,2.962,600,market
20240207,SH.510050,09:41:27.249,buy,2.962,500,limit
20240207,SH.510050,09:41:31.318,buy,2.959,3000,limit
20240207,SH.510050,09:41:32.887,sell,2.962,5000,market
20240207,SH.510050,09:41:30.663,buy,2.966,500,market
20240207,SH.510050,09:41:31.877,sell,2.961,300,market
20240207,SH.510050,09:41:32.919,buy,2.959,1200,limit
20240207,SH.510050,09:41:30.238,sell,2.974,1000,stop
20240207,SH.510050,09:41:32.950,sell,2.963,500,market
20240207,SH.510050,09:41:32.471,buy,2.965,1000,market
20240207,SH.510050,09:41:34.177,sell,2.97,3000,limit
20240207,SH.510050,09:41:34.622,sell,2.967,600,limit
20240207,SH.510050,09:41:34.483,sell,2.969,200,limit
20240207,SH.510050,09:41:33.129,sell,2.966,500,limit
20240207,SH.510050,09:41:35.756,sell,2.964,100,market
20240207,SH.510050,09:41:35.571,buy,2.962,500,limit
20240207,SH.510050,09:41:34.572,buy,2.959,400,limit
20240207,SH.510050,09:41:37.011,sell,2.969,500,limit
20240207,SH.510050,09:41:36.679,sell,2.973,100,stop
20240207,SH.510050,09:41:38.223,buy,2.963,1500,limit
20240207,SH.510050,09:41:38.702,buy,2.961,2000,limit
20240207,SH.510050,09:41:36.846,sell,2.965,200,market
20240207,SH.510050,09:41:39.660,buy,2.967,500,market
20240207,SH.510050,09:41:40.965,sell,2.969,1000,limit
20240207,SH.510050,09:41:39.775,buy,2.967,200,market
20240207,SH.510050,09:41:40.289,buy,2.961,200,limit
20240207,SH.510050,09:41:42.453,sell,2.968,800,limit
20240207,SH.510050,09:41:43.990,sell,2.962,1500,market
20240207,SH.510050,09:41:44.063,buy,2.966,600,market
20240207,SH.510050,09:41:45.706,buy,2.962,300,limit
20240207,SH.510050,09:41:45.098,buy,2.962,2000,limit
20240207,SH.510050,09:41:45.190,sell,2.968,2000,limit
20240207,SH.510050,09:41:45.696,buy,2.963,2500,limit
20240207,SH.510050,09:41:47.095,buy,2.965,400,market
20240207,SH.510050,09:41:45.651,buy,2.966,600,market
20240207,SH.510050,09:41:47.424,buy,2.966,1000,market
20240207,SH.510050,09:41:49.413,sell,2.97,500,limit
20240207,SH.510050,09:41:48.592,sell,2.971,1500,limit
20240207,SH.510050,09:41:48.104,buy,2.964,400,limit
20240207,SH.510050,09:41:48.187,buy,2.957,1000,stop
20240207,SH.510050,09:41:48.385,sell,2.967,100,limit
20240207,SH.510050,09:41:49.016,buy,2.959,3000,stop
20240207,SH.510050,09:41:49.148,sell,2.964,3000,market
20240207,SH.510050,09:41:48.659,sell,2.98,2000,stop
20240207,SH.510050,09:41:53.410,buy,2.96,400,limit
20240207,SH.510050,09:41:52.311,buy,2.963,1000,limit
20240207,SH.510050,09:41:53.896,sell,2.97,2000,limit
20240207,SH.510050,09:41:53.788,sell,2.968,300,limit
20240207,SH.510050,09:41:53.778,sell,2.963,1500,market
20240207,SH.510050,09:41:53.129,buy,2.962,200,limit
20240207,SH.510050,09:41:53.181,sell,2.967,1200,limit
20240207,SH.510050,09:41:55.788,sell,2.979,300,stop
20240207,SH.510050,09:41:55.467,sell,2.97,100,limit
20240207,SH.510050,09:41:55.797,buy,2.963,1200,limit
20240207,SH.510050,09:41:54.447,buy,2.967,600,market
20240207,SH.510050,09:41:54.023,buy,2.96,2000,limit
20240207,SH.510050,09:41:54.435,buy,2.966,2500,market
20240207,SH.510050,09:41:57.794,sell,2.963,4000,market
20240207,SH.510050,09:41:57.814,buy,2.964,2000,limit
20240207,SH.510050,09:41:57.822,buy,2.967,300,market
20240207,SH.510050,09:42:01.857,sell,2.969,900,limit
20240207,SH.510050,09:42:00.458,buy,2.965,5000,limit
20240207,SH.510050,09:42:00.464,sell,2.972,3000,limit
20240207,SH.510050,09:42:01.897,buy,2.968,2500,market
20240207,SH.510050,09:42:01.587,buy,2.963,300,limit
20240207,SH.510050,09:42:01.395,sell,2.969,600,limit
20240207,SH.510050,09:42:01.308,buy,2.962,2000,limit
20240207,SH.510050,09:42:00.853,sell,2.965,1500,market
20240207,SH.510050,09:42:04.772,buy,2.962,900,limit
20240207,SH.510050,09:42:03.546,sell,2.973,1000,limit
20240207,SH.510050,09:42:05.136,sell,2.969,200,limit
20240207,SH.510050,09:42:04.246,sell,2.965,800,market
20240207,SH.510050,09:42:04.222,buy,2.968,2000,market
20240207,SH.510050,09:42:03.905,buy,2.964,300,limit
20240207,SH.510050,09:42:04.708,buy,2.965,1000,limit
20240207,SH.510050,09:42:06.650,buy,2.962,200,limit
20240207,SH.510050,09:42:06.185,buy,2.962,4000,limit
20240207,SH.510050,09:42:06.874,sell,2.966,300,market
20240207,SH.510050,09:42:06.541,sell,2.97,200,limit
20240207,SH.510050,09:42:07.002,buy,2.952,800,stop
20240207,SH.510050,09:42:07.090,sell,2.97,200,limit
20240207,SH.510050,09:42:10.823,buy,2.97,400,market
20240207,SH.510050,09:42:11.466,sell,2.971,600,limit
20240207,SH.510050,09:42:10.392,buy,2.966,400,limit
20240207,SH.510050,09:42:11.667,buy,2.966,200,limit
20240207,SH.510050,09:42:09.896,buy,2.964,1500,limit
20240207,SH.510050,09:42:10.989,sell,2.968,400,market
20240207,SH.510050,09:42:14.487,sell,2.968,2000,market
20240207,SH.510050,09:42:13.481,sell,2.974,900,limit
20240207,SH.510050,09:42:13.352,buy,2.969,2500,market
20240207,SH.510050,09:42:14.986,buy,2.965,200,limit
20240207,SH.510050,09:42:14.254,sell,2.968,200,market
20240207,SH.510050,09:42:13.781,sell,2.971,500,limit
20240207,SH.510050,09:42:13.482,sell,2.974,2000,limit
20240207,SH.510050,09:42:13.209,sell,2.971,600,limit
20240207,SH.510050,09:42:16.442,sell,2.981,2500,stop
20240207,SH.510050,09:42:17.123,buy,2.964,600,limit
20240207,SH.510050,09:42:16.203,buy,2.967,1200,limit
20240207,SH.510050,09:42:15.236,buy,2.961,2000,stop
20240207,SH.510050,09:42:15.077,sell,2.966,500,market
20240207,SH.510050,09:42:17.966,sell,2.976,100,stop
20240207,SH.510050,09:42:17.660,buy,2.965,2000,limit
20240207,SH.510050,09:42:17.384,buy,2.97,2000,market
20240207,SH.510050,09:42:20.855,sell,2.97,2000,limit
20240207,SH.510050,09:42:20.759,sell,2.973,300,limit
20240207,SH.510050,09:42:18.988,sell,2.972,2000,limit
20240207,SH.510050,09:42:19.455,sell,2.97,200,limit
20240207,SH.510050,09:42:19.947,buy,2.963,1500,limit
20240207,SH.510050,09:42:18.713,sell,2.973,4000,limit
20240207,SH.510050,09:42:21.963,sell,2.966,200,market
20240207,SH.510050,09:42:23.826,buy,2.959,3000,stop
20240207,SH.510050,09:42:23.090,buy,2.962,4000,limit
20240207,SH.510050,09:42:26.671,sell,2.966,400,market
20240207,SH.510050,09:42:26.402,sell,2.966,4000,market
20240207,SH.510050,09:42:24.621,sell,2.972,1500,limit
20240207,SH.510050,09:42:24.271,sell,2.969,100,limit
20240207,SH.510050,09:42:24.084,buy,2.961,600,limit
20240207,SH.510050,09:42:26.978,sell,2.971,900,limit
20240207,SH.510050,09:42:25.369,buy,2.967,2000,market
20240207,SH.510050,09:42:25.144,sell,2.966,1500,market
20240207,SH.510050,09:42:28.503,sell,2.969,1000,limit
20240207,SH.510050,09:42:28.080,sell,2.972,2000,limit
20240207,SH.510050,09:42:27.842,sell,2.965,2500,market
20240207,SH.510050,09:42:28.713,sell,2.968,600,limit
20240207,SH.510050,09:42:28.155,buy,2.965,300,limit
20240207,SH.510050,09:42:30.671,buy,2.966,3000,limit
20240207,SH.510050,09:42:32.958,buy,2.965,300,limit
20240207,SH.510050,09:42:31.499,sell,2.972,600,limit
20240207,SH.510050,09:42:31.001,sell,2.969,300,limit
20240207,SH.510050,09:42:35.051,sell,2.966,600,market
20240207,SH.510050,09:42:33.409,sell,2.97,1000,limit
20240207,SH.510050,09:42:33.381,sell,2.972,2500,limit
20240207,SH.510050,09:42:34.735,buy,2.969,500,market
20240207,SH.510050,09:42:35.077,sell,2.966,200,market
20240207,SH.510050,09:42:36.215,sell,2.968,500,limit
20240207,SH.510050,09:42:37.229,sell,2.964,400,market
20240207,SH.510050,09:42:36.666,sell,2.97,900,limit
20240207,SH.510050,09:42:38.920,sell,2.965,3000,market
20240207,SH.510050,09:42:37.174,buy,2.967,1000,market
20240207,SH.510050,09:42:38.603,sell,2.966,1500,market
20240207,SH.510050,09:42:38.994,buy,2.962,1500,limit
20240207,SH.510050,09:42:40.767,buy,2.968,900,market
20240207,SH.510050,09:42:40.497,sell,2.968,300,limit
20240207,SH.510050,09:42:39.746,buy,2.965,300,limit
20240207,SH.510050,09:42:41.108,sell,2.969,800,limit
20240207,SH.510050,09:42:40.780,buy,2.962,900,limit
20240207,SH.510050,09:42:43.978,buy,2.966,1500,market
20240207,SH.510050,09:42:42.066,buy,2.949,1000,stop
20240207,SH.510050,09:42:42.393,sell,2.969,3000,limit
20240207,SH.510050,09:42:45.833,buy,2.961,400,limit
20240207,SH.510050,09:42:46.221,sell,2.97,5000,limit
20240207,SH.510050,09:42:45.516,sell,2.966,4000,market
20240207,SH.510050,09:42:45.527,sell,2.969,900,limit
20240207,SH.510050,09:42:45.130,sell,2.968,2000,limit
20240207,SH.510050,09:42:49.215,sell,2.971,100,limit
20240207,SH.510050,09:42:48.936,buy,2.963,300,limit
20240207,SH.510050,09:42:50.777,buy,2.955,200,stop
20240207,SH.510050,09:42:48.185,buy,2.967,2000,limit
20240207,SH.510050,09:42:49.503,sell,2.966,2500,market
20240207,SH.510050,09:42:51.409,buy,2.962,3000,limit
20240207,SH.510050,09:42:51.117,sell,2.97,300,limit
20240207,SH.510050,09:42:51.954,sell,2.972,600,limit
20240207,SH.510050,09:42:54.566,buy,2.969,1500,market
20240207,SH.510050,09:42:54.224,buy,2.968,900,market
20240207,SH.510050,09:42:54.307,sell,2.971,2000,limit
20240207,SH.510050,09:42:54.767,sell,2.969,3000,limit
20240207,SH.510050,09:42:56.271,sell,2.972,1000,limit
20240207,SH.510050,09:42:59.051,buy,2.964,300,limit
20240207,SH.510050,09:42:59.987,buy,2.97,2500,market
20240207,SH.510050,09:42:58.739,sell,2.97,400,limit
20240207,SH.510050,09:42:59.285,buy,2.956,4000,stop
20240207,SH.510050,09:42:58.274,sell,2.97,200,limit
20240207,SH.510050,09:42:57.124,buy,2.969,200,market
20240207,SH.510050,09:42:59.918,buy,2.965,5000,limit
20240207,SH.510050,09:43:00.560,buy,2.964,200,limit
20240207,SH.510050,09:43:00.328,sell,2.971,900,limit
20240207,SH.510050,09:43:00.668,sell,2.966,900,market
20240207,SH.510050,09:43:00.074,buy,2.967,100,limit
20240207,SH.510050,09:43:02.665,buy,2.963,3000,limit
20240207,SH.510050,09:43:01.985,buy,2.969,1500,market
20240207,SH.510050,09:43:01.724,sell,2.97,1000,limit
20240207,SH.510050,09:43:02.675,sell,2.97,400,limit
20240207,SH.510050,09:43:05.907,buy,2.967,500,limit
20240207,SH.510050,09:43:05.623,sell,2.968,2000,market
20240207,SH.510050,09:43:05.531,buy,2.965,400,limit
20240207,SH.510050,09:43:03.162,sell,2.974,400,limit
20240207,SH.510050,09:43:04.810,buy,2.957,3000,stop
20240207,SH.510050,09:43:03.601,sell,2.967,2500,market
20240207,SH.510050,09:43:04.007,buy,2.968,1500,limit
20240207,SH.510050,09:43:06.717,sell,2.97,200,market
20240207,SH.510050,09:43:07.727,buy,2.973,1000,market
20240207,SH.510050,09:43:07.302,buy,2.965,1500,limit
20240207,SH.510050,09:43:08.277,sell,2.976,200,limit
20240207,SH.510050,09:43:06.931,buy,2.969,2500,limit
20240207,SH.510050,09:43:06.050,buy,2.966,600,limit
20240207,SH.510050,09:43:09.313,sell,2.972,1500,limit
20240207,SH.510050,09:43:10.987,sell,2.969,300,market
20240207,SH.510050,09:43:09.607,sell,2.968,400,market
20240207,SH.510050,09:43:09.940,buy,2.964,1000,limit
20240207,SH.510050,09:43:10.828,sell,2.975,500,limit
20240207,SH.510050,09:43:09.269,buy,2.968,500,limit
20240207,SH.510050,09:43:11.966,buy,2.965,400,limit
20240207,SH.510050,09:43:10.838,sell,2.975,4000,limit
20240207,SH.510050,09:43:13.683,buy,2.965,2500,limit
20240207,SH.510050,09:43:13.945,sell,2.969,900,market
20240207,SH.510050,09:43:13.892,sell,2.971,600,limit
20240207,SH.510050,09:43:12.052,sell,2.974,1000,limit
20240207,SH.510050,09:43:14.893,sell,2.969,1000,market
20240207,SH.510050,09:43:15.473,buy,2.967,5000,limit
20240207,SH.510050,09:43:17.835,buy,2.964,800,limit
20240207,SH.510050,09:43:16.630,sell,2.973,2000,limit
20240207,SH.510050,09:43:20.728,sell,2.967,300,market
20240207,SH.510050,09:43:19.828,sell,2.972,3000,limit
20240207,SH.510050,09:43:20.414,buy,2.966,1500,limit
20240207,SH.510050,09:43:21.977,sell,2.977,1000,stop
20240207,SH.510050,09:43:23.752,sell,2.967,1500,market
20240207,SH.510050,09:43:21.818,sell,2.971,3000,limit
20240207,SH.510050,09:43:23.435,buy,2.971,600,market
20240207,SH.510050,09:43:22.197,buy,2.964,1200,limit
20240207,SH.510050,09:43:25.097,sell,2.973,1000,limit
20240207,SH.510050,09:43:25.754,sell,2.966,2500,market
20240207,SH.510050,09:43:26.568,buy,2.965,1000,limit
20240207,SH.510050,09:43:26.165,buy,2.97,1000,market
20240207,SH.510050,09:43:25.047,sell,2.968,600,market
20240207,SH.510050,09:43:25.455,sell,2.972,2500,limit
20240207,SH.510050,09:43:24.836,sell,2.974,1000,limit
20240207,SH.510050,09:43:28.649,buy,2.962,200,limit
20240207,SH.510050,09:43:28.356,buy,2.966,900,limit
20240207,SH.510050,09:43:27.823,buy,2.963,900,limit
20240207,SH.510050,09:43:31.251,buy,2.963,300,limit
20240207,SH.510050,09:43:32.691,buy,2.966,600,limit
20240207,SH.510050,09:43:30.742,sell,2.973,5000,limit
20240207,SH.510050,09:43:30.867,sell,2.969,600,limit
20240207,SH.510050,09:43:32.076,buy,2.963,2000,limit
20240207,SH.510050,09:43:34.754,sell,2.973,400,limit
20240207,SH.510050,09:43:35.623,buy,2.969,2000,market
20240207,SH.510050,09:43:35.119,sell,2.965,600,market
20240207,SH.510050,09:43:33.590,sell,2.971,200,limit
20240207,SH.510050,09:43:34.314,sell,2.97,2000,limit
20240207,SH.510050,09:43:34.315,buy,2.968,500,market
20240207,SH.510050,09:43:37.691,sell,2.97,1200,limit
20240207,SH.510050,09:43:38.747,buy,2.962,800,limit
20240207,SH.510050,09:43:37.548,sell,2.969,1000,limit
20240207,SH.510050,09:43:37.036,sell,2.97,500,limit
20240207,SH.510050,09:43:38.439,buy,2.968,1200,market
20240207,SH.510050,09:43:37.481,sell,2.966,300,market
20240207,SH.510050,09:43:36.098,buy,2.964,500,limit
20240207,SH.510050,09:43:36.527,sell,2.972,500,limit
20240207,SH.510050,09:43:40.112,sell,2.971,900,limit
20240207,SH.510050,09:43:39.565,sell,2.965,600,market
20240207,SH.510050,09:43:40.806,sell,2.969,1000,limit
20240207,SH.510050,09:43:39.133,sell,2.972,1500,limit
20240207,SH.510050,09:43:42.136,sell,2.964,500,market
20240207,SH.510050,09:43:43.126,buy,2.964,5000,limit
20240207,SH.510050,09:43:43.633,buy,2.965,3000,limit
20240207,SH.510050,09:43:44.503,buy,2.969,500,market
20240207,SH.510050,09:43:43.054,sell,2.972,2000,limit
20240207,SH.510050,09:43:44.484,sell,2.965,1000,market
20240207,SH.510050,09:43:46.637,sell,2.971,2000,limit
20240207,SH.510050,09:43:47.610,sell,2.972,200,limit
20240207,SH.510050,09:43:45.675,sell,2.97,2500,limit
20240207,SH.510050,09:43:47.311,buy,2.969,400,market
20240207,SH.510050,09:43:47.567,sell,2.971,500,limit
20240207,SH.510050,09:43:47.288,buy,2.962,900,limit
20240207,SH.510050,09:43:45.395,sell,2.966,600,market
20240207,SH.510050,09:43:48.675,buy,2.963,1000,limit
20240207,SH.510050,09:43:50.043,buy,2.967,200,market
20240207,SH.510050,09:43:49.526,buy,2.967,200,market
20240207,SH.510050,09:43:48.099,sell,2.969,300,limit
20240207,SH.510050,09:43:52.784,buy,2.96,1000,limit
20240207,SH.510050,09:43:51.630,sell,2.972,400,stop
20240207,SH.510050,09:43:53.313,buy,2.961,4000,limit
20240207,SH.510050,09:43:53.740,buy,2.966,400,market
20240207,SH.510050,09:43:52.832,buy,2.964,200,limit
20240207,SH.510050,09:43:53.201,sell,2.963,3000,market
20240207,SH.510050,09:43:54.797,sell,2.97,5000,limit
20240207,SH.510050,09:43:55.504,sell,2.966,1000,market
20240207,SH.510050,09:43:55.184,buy,2.97,600,market
20240207,SH.510050,09:43:54.351,buy,2.965,400,limit
20240207,SH.510050,09:43:56.258,sell,2.975,100,stop
20240207,SH.510050,09:43:56.403,sell,2.97,300,limit
20240207,SH.510050,09:43:54.826,buy,2.968,800,market
20240207,SH.510050,09:43:57.818,sell,2.974,3000,limit
20240207,SH.510050,09:43:57.295,buy,2.966,500,limit
20240207,SH.510050,09:43:59.955,buy,2.97,2500,market
20240207,SH.510050,09:43:59.675,buy,2.966,300,limit
20240207,SH.510050,09:43:59.711,sell,2.967,900,market
20240207,SH.510050,09:43:59.193,buy,2.967,1000,limit
20240207,SH.510050,09:43:57.378,buy,2.964,600,limit
20240207,SH.510050,09:43:57.731,sell,2.97,600,limit
20240207,SH.510050,09:44:02.011,sell,2.967,1500,market
20240207,SH.510050,09:44:00.665,sell,2.973,1000,limit
20240207,SH.510050,09:44:00.732,buy,2.964,900,limit
20240207,SH.510050,09:44:00.946,sell,2.974,1000,limit
20240207,SH.510050,09:44:00.598,sell,2.972,400,limit
20240207,SH.510050,09:44:05.449,sell,2.974,500,limit
20240207,SH.510050,09:44:03.299,sell,2.975,1500,limit
20240207,SH.510050,09:44:05.211,buy,2.964,3000,limit
20240207,SH.510050,09:44:05.759,sell,2.971,200,limit
20240207,SH.510050,09:44:03.212,sell,2.975,2500,limit
20240207,SH.510050,09:44:08.810,buy,2.972,400,market
20240207,SH.510050,09:44:06.078,buy,2.966,300,limit
20240207,SH.510050,09:44:07.825,buy,2.97,300,limit
20240207,SH.510050,09:44:08.408,sell,2.974,4000,limit
20240207,SH.510050,09:44:06.900,buy,2.967,600,limit
20240207,SH.510050,09:44:11.672,buy,2.971,4000,market
20240207,SH.510050,09:44:09.582,sell,2.976,500,limit
20240207,SH.510050,09:44:11.002,buy,2.966,4000,limit
20240207,SH.510050,09:44:10.453,buy,2.972,3000,market
20240207,SH.510050,09:44:10.162,buy,2.968,200,limit
20240207,SH.510050,09:44:11.529,sell,2.974,400,limit
20240207,SH.510050,09:44:10.248,sell,2.976,5000,limit
20240207,SH.510050,09:44:12.431,buy,2.969,2000,limit
20240207,SH.510050,09:44:14.493,buy,2.97,2000,limit
20240207,SH.510050,09:44:14.864,buy,2.972,1500,market
20240207,SH.510050,09:44:13.996,sell,2.974,200,limit
20240207,SH.510050,09:44:14.241,buy,2.968,100,limit
20240207,SH.510050,09:44:12.303,buy,2.968,200,limit
20240207,SH.510050,09:44:14.565,sell,2.971,2000,market
20240207,SH.510050,09:44:15.838,buy,2.969,900,limit
20240207,SH.510050,09:44:15.639,buy,2.969,400,limit
20240207,SH.510050,09:44:16.049,sell,2.983,1500,stop
20240207,SH.510050,09:44:17.557,buy,2.97,100,limit
20240207,SH.510050,09:44:16.860,sell,2.973,900,limit
20240207,SH.510050,09:44:17.494,buy,2.969,500,limit
20240207,SH.510050,09:44:20.451,sell,2.98,600,stop
20240207,SH.510050,09:44:18.328,sell,2.975,100,limit
20240207,SH.510050,09:44:20.687,sell,2.975,1000,limit
20240207,SH.510050,09:44:22.452,sell,2.974,300,limit
20240207,SH.510050,09:44:22.032,sell,2.975,1000,limit
20240207,SH.510050,09:44:23.496,sell,2.976,300,limit
20240207,SH.510050,09:44:21.204,buy,2.97,600,limit
20240207,SH.510050,09:44:26.285,sell,2.975,2500,limit
20240207,SH.510050,09:44:25.382,buy,2.97,4000,limit
20240207,SH.510050,09:44:24.350,sell,2.969,800,market
20240207,SH.510050,09:44:25.118,sell,2.975,1500,limit
20240207,SH.510050,09:44:25.639,sell,2.975,300,limit
20240207,SH.510050,09:44:24.849,sell,2.969,500,market
20240207,SH.510050,09:44:29.823,buy,2.969,400,limit
20240207,SH.510050,09:44:29.226,buy,2.97,300,limit
20240207,SH.510050,09:44:29.767,sell,2.976,1000,limit
20240207,SH.510050,09:44:32.295,buy,2.966,2000,limit
20240207,SH.510050,09:44:31.420,sell,2.977,300,limit
20240207,SH.510050,09:44:30.841,sell,2.97,400,market
20240207,SH.510050,09:44:31.551,buy,2.968,800,limit
20240207,SH.510050,09:44:31.999,sell,2.975,300,limit
20240207,SH.510050,09:44:32.764,sell,2.975,4000,limit
20240207,SH.510050,09:44:30.745,sell,2.98,900,stop
20240207,SH.510050,09:44:33.630,buy,2.969,2000,limit
20240207,SH.510050,09:44:35.314,buy,2.972,1000,market
20240207,SH.510050,09:44:35.758,buy,2.966,400,limit
20240207,SH.510050,09:44:35.125,buy,2.97,400,limit
20240207,SH.510050,09:44:34.926,sell,2.97,1500,market
20240207,SH.510050,09:44:34.724,sell,2.976,2500,limit
20240207,SH.510050,09:44:35.141,buy,2.967,3000,limit
20240207,SH.510050,09:44:34.571,buy,2.969,400,limit
20240207,SH.510050,09:44:38.634,buy,2.964,2000,stop
20240207,SH.510050,09:44:36.371,sell,2.971,1000,market
20240207,SH.510050,09:44:37.803,buy,2.967,300,limit
20240207,SH.510050,09:44:41.690,sell,2.977,1000,limit
20240207,SH.510050,09:44:41.255,sell,2.969,400,market
20240207,SH.510050,09:44:39.297,sell,2.977,900,limit
20240207,SH.510050,09:44:42.077,sell,2.986,600,stop
20240207,SH.510050,09:44:42.216,sell,2.972,1200,market
20240207,SH.510050,09:44:43.158,buy,2.974,1200,market
20240207,SH.510050,09:44:46.047,sell,2.976,500,limit
20240207,SH.510050,09:44:47.730,sell,2.978,800,limit
20240207,SH.510050,09:44:46.127,buy,2.971,1000,limit
20240207,SH.510050,09:44:45.908,buy,2.968,200,limit
20240207,SH.510050,09:44:50.547,sell,2.977,1500,limit
20240207,SH.510050,09:44:48.848,buy,2.976,1000,market
20240207,SH.510050,09:44:50.073,buy,2.967,400,stop
20240207,SH.510050,09:44:48.767,sell,2.971,600,market
20240207,SH.510050,09:44:53.446,buy,2.975,2000,market
20240207,SH.510050,09:44:51.075,buy,2.968,900,limit
20240207,SH.510050,09:44:53.357,buy,2.969,1200,limit
20240207,SH.510050,09:44:53.664,buy,2.972,200,limit
20240207,SH.510050,09:44:53.328,buy,2.97,100,limit
20240207,SH.510050,09:44:51.807,buy,2.967,600,stop
20240207,SH.510050,09:44:52.040,sell,2.979,2500,limit
20240207,SH.510050,09:44:54.001,buy,2.976,500,market
20240207,SH.510050,09:44:56.731,buy,2.969,2000,limit
20240207,SH.510050,09:44:55.982,sell,2.972,800,market
20240207,SH.510050,09:44:54.699,buy,2.971,1500,limit
20240207,SH.510050,09:44:55.203,sell,2.976,3000,limit
20240207,SH.510050,09:44:56.901,buy,2.968,200,limit
20240207,SH.510050,09:44:57.529,sell,2.975,5000,limit
20240207,SH.510050,09:44:57.279,buy,2.97,2000,limit
20240207,SH.510050,09:44:59.369,buy,2.974,600,market
20240207,SH.510050,09:44:58.955,buy,2.971,500,limit
20240207,SH.510050,09:44:57.084,sell,2.975,600,limit
20240207,SH.510050,09:44:57.806,sell,2.977,2500,limit
20240207,SH.510050,09:44:58.496,buy,2.968,5000,limit
20240207,SH.510050,09:44:59.087,sell,2.977,1500,limit
20240207,SH.510050,09:45:01.157,buy,2.969,1500,limit
20240207,SH.510050,09:45:01.120,buy,2.974,1000,market
20240207,SH.510050,09:45:02.784,buy,2.972,1000,limit
20240207,SH.510050,09:45:01.590,buy,2.97,200,limit
20240207,SH.510050,09:45:00.079,buy,2.971,300,limit
20240207,SH.510050,09:45:01.117,sell,2.979,3000,limit
20240207,SH.510050,09:45:01.014,buy,2.97,2500,limit
20240207,SH.510050,09:45:01.520,buy,2.971,1000,limit
20240207,SH.510050,09:45:04.509,sell,2.972,400,market
20240207,SH.510050,09:45:04.026,buy,2.97,800,limit
20240207,SH.510050,09:45:04.917,sell,2.973,1500,market
20240207,SH.510050,09:45:05.667,buy,2.972,2000,limit
20240207,SH.510050,09:45:05.143,sell,2.978,2000,limit
20240207,SH.510050,09:45:03.683,buy,2.969,3000,limit
20240207,SH.510050,09:45:03.672,sell,2.978,400,limit
20240207,SH.510050,09:45:08.440,buy,2.97,300,limit
20240207,SH.510050,09:45:07.853,sell,2.971,3000,market
20240207,SH.510050,09:45:07.754,sell,2.979,5000,limit
20240207,SH.510050,09:45:09.049,sell,2.974,200,limit
20240207,SH.510050,09:45:10.978,sell,2.975,500,limit
20240207,SH.510050,09:45:11.624,sell,2.971,1500,market
20240207,SH.510050,09:45:11.849,sell,2.97,4000,market
20240207,SH.510050,09:45:11.714,sell,2.986,2500,stop
20240207,SH.510050,09:45:12.919,sell,2.973,200,market
20240207,SH.510050,09:45:13.623,buy,2.971,1000,limit
20240207,SH.510050,09:45:13.176,sell,2.977,200,limit
20240207,SH.510050,09:45:15.146,buy,2.972,600,limit
20240207,SH.510050,09:45:16.843,sell,2.973,300,market
20240207,SH.510050,09:45:15.303,buy,2.971,600,limit
20240207,SH.510050,09:45:16.435,sell,2.972,3000,market
20240207,SH.510050,09:45:17.416,sell,2.973,1000,market
20240207,SH.510050,09:45:16.787,sell,2.972,600,market
20240207,SH.510050,09:45:17.069,buy,2.976,800,market
20240207,SH.510050,09:45:16.017,buy,2.97,900,limit
20240207,SH.510050,09:45:19.293,sell,2.976,600,limit
20240207,SH.510050,09:45:19.472,sell,2.974,200,market
20240207,SH.510050,09:45:19.227,buy,2.977,200,market
20240207,SH.510050,09:45:23.880,sell,2.972,1200,market
20240207,SH.510050,09:45:23.839,sell,2.979,300,limit
20240207,SH.510050,09:45:22.710,buy,2.969,600,limit
20240207,SH.510050,09:45:23.692,buy,2.975,1500,market
20240207,SH.510050,09:45:21.477,buy,2.974,2000,market
20240207,SH.510050,09:45:25.328,buy,2.969,600,limit
20240207,SH.510050,09:45:26.891,sell,2.974,1000,market
20240207,SH.510050,09:45:25.866,sell,2.976,3000,limit
20240207,SH.510050,09:45:25.596,buy,2.971,1500,limit
20240207,SH.510050,09:45:25.127,buy,2.975,2000,market
20240207,SH.510050,09:45:28.296,sell,2.977,2000,limit
20240207,SH.510050,09:45:29.299,sell,2.98,3000,limit
20240207,SH.510050,09:45:29.097,sell,2.98,300,limit
20240207,SH.510050,09:45:29.743,sell,2.978,2000,limit
20240207,SH.510050,09:45:29.154,buy,2.977,1000,market
20240207,SH.510050,09:45:29.215,buy,2.978,300,market
20240207,SH.510050,09:45:29.736,sell,2.973,1000,market
20240207,SH.510050,09:45:29.339,sell,2.974,1000,market
20240207,SH.510050,09:45:31.996,sell,2.98,2000,limit
20240207,SH.510050,09:45:32.162,sell,2.974,200,market
20240207,SH.510050,09:45:31.421,buy,2.976,2000,market
20240207,SH.510050,09:45:32.236,sell,2.974,4000,market
20240207,SH.510050,09:45:30.987,sell,2.977,300,limit
20240207,SH.510050,09:45:31.606,sell,2.98,1000,limit
20240207,SH.510050,09:45:33.715,buy,2.972,200,limit
20240207,SH.510050,09:45:33.116,sell,2.976,5000,limit
20240207,SH.510050,09:45:33.383,buy,2.971,500,limit
20240207,SH.510050,09:45:35.547,sell,2.98,900,limit
20240207,SH.510050,09:45:37.949,sell,2.976,300,limit
20240207,SH.510050,09:45:38.225,buy,2.967,2000,limit
20240207,SH.510050,09:45:38.485,sell,2.97,2000,market
20240207,SH.510050,09:45:39.401,buy,2.97,1000,limit
20240207,SH.510050,09:45:41.881,buy,2.971,500,limit
20240207,SH.510050,09:45:41.845,buy,2.968,400,limit
20240207,SH.510050,09:45:40.890,sell,2.975,1500,limit
20240207,SH.510050,09:45:43.405,buy,2.972,4000,limit
20240207,SH.510050,09:45:44.757,sell,2.979,1000,limit
20240207,SH.510050,09:45:43.700,sell,2.978,2000,limit
20240207,SH.510050,09:45:43.506,buy,2.975,1200,market
20240207,SH.510050,09:45:43.027,buy,2.969,400,limit
20240207,SH.510050,09:45:43.828,sell,2.978,400,limit
20240207,SH.510050,09:45:47.248,sell,2.971,5000,market
20240207,SH.510050,09:45:45.419,sell,2.971,300,market
20240207,SH.510050,09:45:47.417,buy,2.972,1000,limit
20240207,SH.510050,09:45:46.568,buy,2.969,500,limit
20240207,SH.510050,09:45:47.830,buy,2.971,200,limit
20240207,SH.510050,09:45:45.575,sell,2.972,200,market
20240207,SH.510050,09:45:47.561,buy,2.969,100,limit
20240207,SH.510050,09:45:45.793,sell,2.971,2500,market
20240207,SH.510050,09:45:50.065,buy,2.976,2000,market
20240207,SH.510050,09:45:49.586,sell,2.972,400,market
20240207,SH.510050,09:45:48.510,sell,2.978,1500,limit
20240207,SH.510050,09:45:50.179,sell,2.976,1000,limit
20240207,SH.510050,09:45:48.597,buy,2.977,800,market
20240207,SH.510050,09:45:48.562,buy,2.969,300,limit
20240207,SH.510050,09:45:48.685,buy,2.969,3000,limit
20240207,SH.510050,09:45:50.397,buy,2.977,600,market
20240207,SH.510050,09:45:53.159,buy,2.975,300,limit
20240207,SH.510050,09:45:53.016,buy,2.971,100,limit
20240207,SH.510050,09:45:52.745,sell,2.979,600,limit
20240207,SH.510050,09:45:52.770,buy,2.974,300,limit
20240207,SH.510050,09:45:53.432,sell,2.974,2000,market
20240207,SH.510050,09:45:54.010,sell,2.979,3000,limit
20240207,SH.510050,09:45:56.408,buy,2.976,1200,limit
20240207,SH.510050,09:45:54.772,sell,2.981,400,limit
20240207,SH.510050,09:45:54.782,buy,2.978,3000,market
20240207,SH.510050,09:45:54.944,buy,2.978,200,market
20240207,SH.510050,09:45:55.071,buy,2.976,2500,limit
20240207,SH.510050,09:45:59.394,sell,2.983,300,limit
20240207,SH.510050,09:45:57.441,sell,2.983,2500,limit
20240207,SH.510050,09:45:57.641,sell,2.979,400,limit
20240207,SH.510050,09:45:58.786,sell,2.983,500,limit
20240207,SH.510050,09:45:59.077,sell,2.983,1500,limit
20240207,SH.510050,09:46:01.577,sell,2.976,1500,market
20240207,SH.510050,09:46:01.125,buy,2.971,1200,stop
20240207,SH.510050,09:46:00.925,buy,2.976,1500,limit
20240207,SH.510050,09:46:02.245,sell,2.983,2000,limit
20240207,SH.510050,09:46:00.929,sell,2.983,400,limit
20240207,SH.510050,09:46:05.138,buy,2.971,300,limit
20240207,SH.510050,09:46:04.736,buy,2.974,1500,limit
20240207,SH.510050,09:46:05.410,buy,2.979,400,market
20240207,SH.510050,09:46:04.034,buy,2.972,200,limit
20240207,SH.510050,09:46:05.371,buy,2.973,800,limit
20240207,SH.510050,09:46:04.669,sell,2.976,300,market
20240207,SH.510050,09:46:05.963,sell,2.978,1000,limit
20240207,SH.510050,09:46:06.420,sell,2.979,300,limit
20240207,SH.510050,09:46:07.992,sell,2.991,300,stop
20240207,SH.510050,09:46:08.095,sell,2.973,2000,market
20240207,SH.510050,09:46:10.791,buy,2.972,1500,limit
20240207,SH.510050,09:46:11.583,sell,2.975,2500,market
20240207,SH.510050,09:46:11.604,sell,2.977,300,limit
20240207,SH.510050,09:46:10.681,sell,2.979,300,limit
20240207,SH.510050,09:46:10.755,sell,2.977,2000,limit
20240207,SH.510050,09:46:09.062,buy,2.972,500,limit
20240207,SH.510050,09:46:10.450,sell,2.977,800,limit
20240207,SH.510050,09:46:12.427,sell,2.981,200,limit
20240207,SH.510050,09:46:12.343,sell,2.978,1000,limit
20240207,SH.510050,09:46:14.746,sell,2.983,1200,stop
20240207,SH.510050,09:46:13.621,sell,2.975,4000,market
20240207,SH.510050,09:46:13.287,buy,2.977,2000,market
20240207,SH.510050,09:46:12.849,buy,2.973,3000,limit
20240207,SH.510050,09:46:14.505,sell,2.977,600,limit
20240207,SH.510050,09:46:15.947,sell,2.973,1000,market
20240207,SH.510050,09:46:15.457,buy,2.974,1500,limit
20240207,SH.510050,09:46:16.991,sell,2.975,500,market
20240207,SH.510050,09:46:16.724,buy,2.972,100,limit
20240207,SH.510050,09:46:18.480,sell,2.98,2500,limit
20240207,SH.510050,09:46:19.254,buy,2.978,400,market
20240207,SH.510050,09:46:20.564,sell,2.977,900,limit
