date,symbol,time_str,price,quantity
20240207,SH.510050,09:30:01.635,2.95,1200
20240207,SH.510050,09:30:03.923,2.95,1500
20240207,SH.510050,09:30:06.172,2.948,1200
20240207,SH.510050,09:30:10.716,2.949,500
20240207,SH.510050,09:30:12.040,2.95,600
20240207,SH.510050,09:30:14.274,2.949,100
20240207,SH.510050,09:30:16.182,2.949,1000
20240207,SH.510050,09:30:16.587,2.949,600
20240207,SH.510050,09:30:15.163,2.949,1000
20240207,SH.510050,09:30:20.070,2.952,500
20240207,SH.510050,09:30:24.432,2.951,900
20240207,SH.510050,09:30:30.604,2.95,900
20240207,SH.510050,09:30:31.350,2.95,5000
20240207,SH.510050,09:30:33.341,2.951,1500
20240207,SH.510050,09:30:34.460,2.95,600
20240207,SH.510050,09:30:41.312,2.949,4000
20240207,SH.510050,09:30:41.613,2.949,500
20240207,SH.510050,09:30:39.345,2.949,200
20240207,SH.510050,09:30:41.468,2.95,600
20240207,SH.510050,09:30:44.186,2.949,500
20240207,SH.510050,09:30:44.172,2.949,4000
20240207,SH.510050,09:30:43.868,2.948,400
20240207,SH.510050,09:30:45.751,2.949,500
20240207,SH.510050,09:30:49.513,2.95,800
20240207,SH.510050,09:30:53.822,2.948,2000
20240207,SH.510050,09:30:56.614,2.949,100
20240207,SH.510050,09:30:58.141,2.948,100
20240207,SH.510050,09:31:00.677,2.949,900
20240207,SH.510050,09:31:02.640,2.949,100
20240207,SH.510050,09:31:03.996,2.951,2400
20240207,SH.510050,09:31:07.988,2.95,500
20240207,SH.510050,09:31:09.857,2.953,1200
20240207,SH.510050,09:31:10.559,2.952,500
20240207,SH.510050,09:31:10.900,2.953,300
20240207,SH.510050,09:31:09.311,2.952,400
20240207,SH.510050,09:31:10.207,2.952,1000
20240207,SH.510050,09:31:12.029,2.953,1200
20240207,SH.510050,09:31:17.878,2.952,2000
20240207,SH.510050,09:31:16.034,2.952,3000
20240207,SH.510050,09:31:20.020,2.952,200
20240207,SH.510050,09:31:19.242,2.951,5000
20240207,SH.510050,09:31:18.732,2.952,1200
20240207,SH.510050,09:31:18.950,2.951,800
20240207,SH.510050,09:31:22.889,2.951,600
20240207,SH.510050,09:31:22.512,2.952,100
20240207,SH.510050,09:31:25.936,2.952,100
20240207,SH.510050,09:31:26.317,2.951,800
20240207,SH.510050,09:31:27.369,2.953,1500
20240207,SH.510050,09:31:28.205,2.952,1000
20240207,SH.510050,09:31:31.271,2.951,300
20240207,SH.510050,09:31:30.100,2.951,1800
20240207,SH.510050,09:31:35.186,2.953,600
20240207,SH.510050,09:31:35.119,2.953,4000
20240207,SH.510050,09:31:38.042,2.952,900
20240207,SH.510050,09:31:43.392,2.953,300
20240207,SH.510050,09:31:43.538,2.953,2500
20240207,SH.510050,09:31:44.284,2.952,4000
20240207,SH.510050,09:31:47.162,2.953,2000
20240207,SH.510050,09:31:48.040,2.952,200
20240207,SH.510050,09:31:51.521,2.953,100
20240207,SH.510050,09:31:51.146,2.953,4000
20240207,SH.510050,09:31:54.665,2.954,2000
20240207,SH.510050,09:31:56.049,2.954,1900
20240207,SH.510050,09:31:57.643,2.953,500
20240207,SH.510050,09:31:58.098,2.953,800
20240207,SH.510050,09:32:00.640,2.953,900
20240207,SH.510050,09:32:00.890,2.953,600
20240207,SH.510050,09:32:02.143,2.954,200
20240207,SH.510050,09:32:05.664,2.955,500
20240207,SH.510050,09:32:05.053,2.955,500
20240207,SH.510050,09:32:06.644,2.955,100
20240207,SH.510050,09:32:07.950,2.955,1000
20240207,SH.510050,09:32:06.207,2.955,400
20240207,SH.510050,09:32:11.196,2.954,300
20240207,SH.510050,09:32:10.480,2.955,300
20240207,SH.510050,09:32:11.793,2.955,100
20240207,SH.510050,09:32:11.339,2.955,300
20240207,SH.510050,09:32:17.079,2.954,100
20240207,SH.510050,09:32:15.643,2.955,600
20240207,SH.510050,09:32:16.617,2.954,200
20240207,SH.510050,09:32:18.292,2.954,4000
20240207,SH.510050,09:32:22.487,2.955,800
20240207,SH.510050,09:32:26.147,2.955,400
20240207,SH.510050,09:32:24.622,2.955,2000
20240207,SH.510050,09:32:25.896,2.955,100
20240207,SH.510050,09:32:25.768,2.955,1200
20240207,SH.510050,09:32:27.231,2.956,300
20240207,SH.510050,09:32:31.528,2.955,4000
20240207,SH.510050,09:32:33.281,2.955,400
20240207,SH.510050,09:32:33.846,2.954,600
20240207,SH.510050,09:32:34.975,2.954,2000
20240207,SH.510050,09:32:33.548,2.954,100
20240207,SH.510050,09:32:36.008,2.955,100
20240207,SH.510050,09:32:38.823,2.954,800
20240207,SH.510050,09:32:40.076,2.955,800
20240207,SH.510050,09:32:43.859,2.956,400
20240207,SH.510050,09:32:44.806,2.956,400
20240207,SH.510050,09:32:44.256,2.956,500
20240207,SH.510050,09:32:45.734,2.956,300
20240207,SH.510050,09:32:47.578,2.957,200
20240207,SH.510050,09:32:50.758,2.959,1100
20240207,SH.510050,09:32:53.388,2.958,400
20240207,SH.510050,09:32:55.028,2.957,5000
20240207,SH.510050,09:32:58.142,2.957,600
20240207,SH.510050,09:32:58.826,2.956,200
20240207,SH.510050,09:32:59.922,2.957,1500
20240207,SH.510050,09:33:02.361,2.955,1200
20240207,SH.510050,09:33:00.881,2.955,200
20240207,SH.510050,09:33:05.264,2.956,200
20240207,SH.510050,09:33:03.878,2.955,1700
20240207,SH.510050,09:33:07.458,2.955,500
20240207,SH.510050,09:33:11.908,2.957,100
20240207,SH.510050,09:33:10.687,2.957,1000
20240207,SH.510050,09:33:09.700,2.956,1500
20240207,SH.510050,09:33:14.670,2.956,1000
20240207,SH.510050,09:33:13.428,2.956,2200
20240207,SH.510050,09:33:17.215,2.959,300
20240207,SH.510050,09:33:20.616,2.957,800
20240207,SH.510050,09:33:18.370,2.957,600
20240207,SH.510050,09:33:22.492,2.959,1000
20240207,SH.510050,09:33:26.336,2.958,1000
20240207,SH.510050,09:33:26.259,2.958,500
20240207,SH.510050,09:33:24.367,2.959,1500
20240207,SH.510050,09:33:27.116,2.961,1000
20240207,SH.510050,09:33:27.668,2.96,3000
20240207,SH.510050,09:33:30.226,2.961,300
20240207,SH.510050,09:33:32.443,2.961,800
20240207,SH.510050,09:33:30.409,2.962,600
20240207,SH.510050,09:33:31.214,2.961,1000
20240207,SH.510050,09:33:35.161,2.962,4000
20240207,SH.510050,09:33:36.474,2.961,800
20240207,SH.510050,09:33:36.201,2.962,500
20240207,SH.510050,09:33:40.267,2.961,1200
20240207,SH.510050,09:33:43.486,2.961,200
20240207,SH.510050,09:33:44.057,2.961,600
20240207,SH.510050,09:33:44.052,2.961,2500
20240207,SH.510050,09:33:47.442,2.962,400
20240207,SH.510050,09:33:47.838,2.961,1500
20240207,SH.510050,09:33:49.643,2.961,200
20240207,SH.510050,09:33:48.686,2.962,1300
20240207,SH.510050,09:33:52.851,2.962,2000
20240207,SH.510050,09:33:53.283,2.962,500
20240207,SH.510050,09:33:55.487,2.961,1000
20240207,SH.510050,09:33:54.709,2.962,4000
20240207,SH.510050,09:34:01.166,2.961,1500
20240207,SH.510050,09:34:00.519,2.961,1000
20240207,SH.510050,09:34:03.355,2.96,3000
20240207,SH.510050,09:34:05.270,2.961,200
20240207,SH.510050,09:34:05.287,2.96,1100
20240207,SH.510050,09:34:06.539,2.959,800
20240207,SH.510050,09:34:10.831,2.96,5000
20240207,SH.510050,09:34:11.379,2.959,600
20240207,SH.510050,09:34:12.898,2.96,4000
20240207,SH.510050,09:34:14.407,2.96,300
20240207,SH.510050,09:34:15.561,2.958,1200
20240207,SH.510050,09:34:17.554,2.959,700
20240207,SH.510050,09:34:25.933,2.958,2000
20240207,SH.510050,09:34:26.362,2.958,900
20240207,SH.510050,09:34:26.690,2.959,1500
20240207,SH.510050,09:34:30.400,2.96,1000
20240207,SH.510050,09:34:34.865,2.959,2500
20240207,SH.510050,09:34:35.312,2.959,900
20240207,SH.510050,09:34:36.636,2.961,600
20240207,SH.510050,09:34:38.076,2.961,1500
20240207,SH.510050,09:34:37.777,2.961,800
20240207,SH.510050,09:34:39.371,2.961,1500
20240207,SH.510050,09:34:44.523,2.959,4000
20240207,SH.510050,09:34:42.298,2.959,1500
20240207,SH.510050,09:34:44.812,2.959,400
20240207,SH.510050,09:34:43.562,2.959,200
20240207,SH.510050,09:34:50.560,2.959,1000
20240207,SH.510050,09:34:51.224,2.959,2000
20240207,SH.510050,09:34:51.922,2.959,800
20240207,SH.510050,09:34:55.454,2.959,4000
20240207,SH.510050,09:34:55.309,2.958,600
20240207,SH.510050,09:34:57.736,2.96,600
20240207,SH.510050,09:35:01.385,2.959,1000
20240207,SH.510050,09:35:02.248,2.96,400
20240207,SH.510050,09:35:01.613,2.96,800
20240207,SH.510050,09:35:03.830,2.958,300
20240207,SH.510050,09:35:07.838,2.959,2500
20240207,SH.510050,09:35:07.050,2.959,100
20240207,SH.510050,09:35:08.857,2.96,1000
20240207,SH.510050,09:35:10.797,2.96,200
20240207,SH.510050,09:35:15.437,2.959,900
20240207,SH.510050,09:35:16.618,2.958,300
20240207,SH.510050,09:35:17.421,2.959,700
20240207,SH.510050,09:35:15.474,2.959,600
20240207,SH.510050,09:35:28.302,2.959,600
20240207,SH.510050,09:35:29.464,2.959,2000
20240207,SH.510050,09:35:27.402,2.96,1000
20240207,SH.510050,09:35:29.423,2.959,600
20240207,SH.510050,09:35:30.511,2.96,500
20240207,SH.510050,09:35:33.525,2.961,200
20240207,SH.510050,09:35:34.410,2.961,1000
20240207,SH.510050,09:35:38.724,2.961,100
20240207,SH.510050,09:35:38.291,2.962,500
20240207,SH.510050,09:35:41.108,2.962,5000
20240207,SH.510050,09:35:41.665,2.961,100
20240207,SH.510050,09:35:44.894,2.959,100
20240207,SH.510050,09:35:45.717,2.96,2500
20240207,SH.510050,09:35:52.230,2.96,100
20240207,SH.510050,09:35:56.988,2.959,1200
20240207,SH.510050,09:35:55.591,2.959,1000
20240207,SH.510050,09:35:56.961,2.96,300
20240207,SH.510050,09:35:58.189,2.959,300
20240207,SH.510050,09:36:01.764,2.96,2000
20240207,SH.510050,09:36:01.038,2.959,2000
20240207,SH.510050,09:36:10.858,2.958,900
20240207,SH.510050,09:36:13.913,2.957,200
20240207,SH.510050,09:36:14.571,2.958,400
20240207,SH.510050,09:36:12.085,2.958,2100
20240207,SH.510050,09:36:13.391,2.957,2000
20240207,SH.510050,09:36:17.268,2.958,2000
20240207,SH.510050,09:36:16.218,2.957,200
20240207,SH.510050,09:36:20.897,2.958,1000
20240207,SH.510050,09:36:19.180,2.959,700
20240207,SH.510050,09:36:20.236,2.958,400
20240207,SH.510050,09:36:18.800,2.959,300
20240207,SH.510050,09:36:23.468,2.958,900
20240207,SH.510050,09:36:23.577,2.958,3000
20240207,SH.510050,09:36:25.140,2.959,1000
20240207,SH.510050,09:36:28.767,2.961,200
20240207,SH.510050,09:36:29.584,2.961,100
20240207,SH.510050,09:36:28.777,2.96,300
20240207,SH.510050,09:36:32.471,2.96,600
20240207,SH.510050,09:36:30.348,2.96,2500
20240207,SH.510050,09:36:30.147,2.961,2500
20240207,SH.510050,09:36:34.956,2.959,300
20240207,SH.510050,09:36:35.786,2.96,100
20240207,SH.510050,09:36:41.981,2.961,100
20240207,SH.510050,09:36:40.339,2.962,300
20240207,SH.510050,09:36:44.778,2.961,800
20240207,SH.510050,09:36:43.511,2.961,4200
20240207,SH.510050,09:36:43.858,2.96,300
20240207,SH.510050,09:36:45.798,2.96,500
20240207,SH.510050,09:36:48.896,2.96,2000
20240207,SH.510050,09:36:52.162,2.959,1000
20240207,SH.510050,09:36:51.204,2.959,100
20240207,SH.510050,09:36:54.662,2.958,1200
20240207,SH.510050,09:36:57.595,2.958,1000
20240207,SH.510050,09:37:00.706,2.959,2000
20240207,SH.510050,09:37:04.938,2.959,500
20240207,SH.510050,09:37:05.815,2.96,5000
20240207,SH.510050,09:37:04.282,2.96,2000
20240207,SH.510050,09:37:06.189,2.961,2000
20240207,SH.510050,09:37:11.708,2.96,200
20240207,SH.510050,09:37:13.074,2.962,1500
20240207,SH.510050,09:37:12.159,2.963,500
20240207,SH.510050,09:37:17.936,2.961,400
20240207,SH.510050,09:37:17.364,2.961,1600
20240207,SH.510050,09:37:16.232,2.962,200
20240207,SH.510050,09:37:19.938,2.961,900
20240207,SH.510050,09:37:19.727,2.962,2500
20240207,SH.510050,09:37:22.114,2.961,500
20240207,SH.510050,09:37:26.750,2.962,5000
20240207,SH.510050,09:37:27.759,2.96,600
20240207,SH.510050,09:37:29.366,2.96,100
20240207,SH.510050,09:37:31.974,2.96,800
20240207,SH.510050,09:37:30.362,2.959,3000
20240207,SH.510050,09:37:34.615,2.96,1800
20240207,SH.510050,09:37:33.889,2.96,1000
20240207,SH.510050,09:37:36.910,2.96,600
20240207,SH.510050,09:37:41.221,2.96,100
20240207,SH.510050,09:37:40.616,2.96,200
20240207,SH.510050,09:37:42.495,2.96,1000
20240207,SH.510050,09:37:46.078,2.961,800
20240207,SH.510050,09:37:46.615,2.961,4000
20240207,SH.510050,09:37:45.553,2.961,900
20240207,SH.510050,09:37:48.128,2.961,200
20240207,SH.510050,09:37:51.432,2.961,1500
20240207,SH.510050,09:37:53.304,2.961,600
20240207,SH.510050,09:37:52.674,2.961,2000
20240207,SH.510050,09:37:56.235,2.96,1000
20240207,SH.510050,09:37:56.264,2.96,900
20240207,SH.510050,09:37:54.151,2.959,500
20240207,SH.510050,09:37:58.141,2.957,400
20240207,SH.510050,09:38:05.624,2.958,2600
20240207,SH.510050,09:38:07.609,2.958,100
20240207,SH.510050,09:38:08.074,2.959,1500
20240207,SH.510050,09:38:09.986,2.96,300
20240207,SH.510050,09:38:12.260,2.961,1000
20240207,SH.510050,09:38:12.954,2.96,200
20240207,SH.510050,09:38:16.616,2.961,100
20240207,SH.510050,09:38:18.102,2.962,500
20240207,SH.510050,09:38:20.653,2.961,5000
20240207,SH.510050,09:38:23.535,2.962,600
20240207,SH.510050,09:38:21.682,2.962,2000
20240207,SH.510050,09:38:23.077,2.963,600
20240207,SH.510050,09:38:26.881,2.962,1000
20240207,SH.510050,09:38:24.849,2.962,900
20240207,SH.510050,09:38:24.786,2.962,300
20240207,SH.510050,09:38:27.598,2.961,600
20240207,SH.510050,09:38:28.169,2.961,1200
20240207,SH.510050,09:38:27.494,2.96,1000
20240207,SH.510050,09:38:28.074,2.96,300
20240207,SH.510050,09:38:30.784,2.962,500
20240207,SH.510050,09:38:30.153,2.962,1500
20240207,SH.510050,09:38:33.147,2.962,900
20240207,SH.510050,09:38:36.698,2.961,200
20240207,SH.510050,09:38:37.902,2.961,1000
20240207,SH.510050,09:38:38.952,2.961,900
20240207,SH.510050,09:38:41.364,2.962,800
20240207,SH.510050,09:38:43.378,2.964,400
20240207,SH.510050,09:38:44.781,2.963,100
20240207,SH.510050,09:38:44.808,2.964,600
20240207,SH.510050,09:38:46.759,2.963,400
20240207,SH.510050,09:38:45.917,2.963,2000
20240207,SH.510050,09:38:45.145,2.962,100
20240207,SH.510050,09:38:48.941,2.962,1500
20240207,SH.510050,09:38:53.388,2.964,300
20240207,SH.510050,09:38:55.823,2.962,1200
20240207,SH.510050,09:39:04.167,2.961,300
20240207,SH.510050,09:39:03.386,2.962,2500
20240207,SH.510050,09:39:07.643,2.96,200
20240207,SH.510050,09:39:10.809,2.959,5000
20240207,SH.510050,09:39:09.767,2.96,1500
20240207,SH.510050,09:39:15.523,2.959,4000
20240207,SH.510050,09:39:15.735,2.96,2000
20240207,SH.510050,09:39:26.666,2.958,4000
20240207,SH.510050,09:39:26.922,2.958,800
20240207,SH.510050,09:39:24.394,2.958,100
20240207,SH.510050,09:39:27.043,2.959,1800
20240207,SH.510050,09:39:28.190,2.959,900
20240207,SH.510050,09:39:31.952,2.958,400
20240207,SH.510050,09:39:30.849,2.958,300
20240207,SH.510050,09:39:31.500,2.959,4000
20240207,SH.510050,09:39:34.694,2.959,1000
20240207,SH.510050,09:39:38.166,2.958,200
20240207,SH.510050,09:39:39.150,2.957,1000
20240207,SH.510050,09:39:47.148,2.959,5000
20240207,SH.510050,09:39:45.135,2.958,3000
20240207,SH.510050,09:39:46.917,2.958,2000
20240207,SH.510050,09:39:46.632,2.958,500
20240207,SH.510050,09:39:53.995,2.958,1000
20240207,SH.510050,09:39:56.140,2.958,300
20240207,SH.510050,09:39:56.801,2.957,300
20240207,SH.510050,09:39:55.531,2.958,1000
20240207,SH.510050,09:39:55.577,2.957,5000
20240207,SH.510050,09:39:55.539,2.957,200
20240207,SH.510050,09:39:57.784,2.957,2500
20240207,SH.510050,09:40:01.490,2.958,1000
20240207,SH.510050,09:40:00.016,2.957,200
20240207,SH.510050,09:40:07.111,2.957,600
20240207,SH.510050,09:40:10.789,2.958,400
20240207,SH.510050,09:40:09.422,2.958,1000
20240207,SH.510050,09:40:15.701,2.956,1000
20240207,SH.510050,09:40:16.893,2.956,300
20240207,SH.510050,09:40:17.497,2.957,1000
20240207,SH.510050,09:40:18.331,2.955,5000
20240207,SH.510050,09:40:20.503,2.956,500
20240207,SH.510050,09:40:22.920,2.957,200
20240207,SH.510050,09:40:22.455,2.957,1500
20240207,SH.510050,09:40:24.737,2.957,1900
20240207,SH.510050,09:40:28.452,2.957,700
20240207,SH.510050,09:40:38.027,2.957,1500
20240207,SH.510050,09:40:36.902,2.957,400
20240207,SH.510050,09:40:39.404,2.956,600
20240207,SH.510050,09:40:39.760,2.957,300
20240207,SH.510050,09:40:45.904,2.959,200
20240207,SH.510050,09:40:45.011,2.959,300
20240207,SH.510050,09:40:47.506,2.959,3000
20240207,SH.510050,09:40:50.249,2.961,700
20240207,SH.510050,09:40:52.602,2.961,2000
20240207,SH.510050,09:40:53.457,2.961,600
20240207,SH.510050,09:40:52.214,2.961,200
20240207,SH.510050,09:40:51.407,2.961,200
20240207,SH.510050,09:40:54.489,2.959,200
20240207,SH.510050,09:40:54.546,2.96,4000
20240207,SH.510050,09:40:56.619,2.959,1500
20240207,SH.510050,09:41:00.983,2.962,300
20240207,SH.510050,09:41:05.430,2.964,4000
20240207,SH.510050,09:41:05.687,2.963,300
20240207,SH.510050,09:41:05.444,2.964,1000
20240207,SH.510050,09:41:04.234,2.964,1000
20240207,SH.510050,09:41:11.506,2.964,1500
20240207,SH.510050,09:41:14.819,2.963,200
20240207,SH.510050,09:41:17.588,2.963,800
20240207,SH.510050,09:41:16.275,2.963,500
20240207,SH.510050,09:41:16.839,2.963,200
20240207,SH.510050,09:41:22.773,2.963,1500
20240207,SH.510050,09:41:22.198,2.963,600
20240207,SH.510050,09:41:26.986,2.964,1000
20240207,SH.510050,09:41:25.696,2.963,600
20240207,SH.510050,09:41:24.139,2.963,400
20240207,SH.510050,09:41:29.155,2.963,600
20240207,SH.510050,09:41:32.887,2.963,4200
20240207,SH.510050,09:41:30.663,2.964,500
20240207,SH.510050,09:41:31.877,2.963,300
20240207,SH.510050,09:41:32.950,2.963,100
20240207,SH.510050,09:41:32.471,2.964,800
20240207,SH.510050,09:41:35.756,2.964,100
20240207,SH.510050,09:41:36.846,2.965,200
20240207,SH.510050,09:41:39.660,2.965,500
20240207,SH.510050,09:41:39.775,2.965,200
20240207,SH.510050,09:41:43.990,2.964,1500
20240207,SH.510050,09:41:44.063,2.965,600
20240207,SH.510050,09:41:47.095,2.965,400
20240207,SH.510050,09:41:45.651,2.965,600
20240207,SH.510050,09:41:47.424,2.965,600
20240207,SH.510050,09:41:49.148,2.965,3000
20240207,SH.510050,09:41:53.778,2.965,1500
20240207,SH.510050,09:41:54.447,2.966,200
20240207,SH.510050,09:41:54.435,2.966,2500
20240207,SH.510050,09:41:57.794,2.965,1800
20240207,SH.510050,09:41:57.822,2.966,100
20240207,SH.510050,09:42:01.897,2.967,1000
20240207,SH.510050,09:42:00.853,2.966,500
20240207,SH.510050,09:42:04.246,2.967,800
20240207,SH.510050,09:42:04.222,2.968,2000
20240207,SH.510050,09:42:06.874,2.967,200
20240207,SH.510050,09:42:10.823,2.969,400
20240207,SH.510050,09:42:10.989,2.968,400
20240207,SH.510050,09:42:14.487,2.968,800
20240207,SH.510050,09:42:13.352,2.969,2500
20240207,SH.510050,09:42:14.254,2.968,200
20240207,SH.510050,09:42:15.077,2.968,500
20240207,SH.510050,09:42:17.384,2.969,2000
20240207,SH.510050,09:42:21.963,2.967,200
20240207,SH.510050,09:42:26.671,2.966,300
20240207,SH.510050,09:42:26.402,2.966,4000
20240207,SH.510050,09:42:25.369,2.967,2000
20240207,SH.510050,09:42:25.144,2.966,1500
20240207,SH.510050,09:42:27.842,2.966,2500
20240207,SH.510050,09:42:35.051,2.967,600
20240207,SH.510050,09:42:34.735,2.968,100
20240207,SH.510050,09:42:35.077,2.967,100
20240207,SH.510050,09:42:37.229,2.966,300
20240207,SH.510050,09:42:38.920,2.966,3000
20240207,SH.510050,09:42:37.174,2.967,800
20240207,SH.510050,09:42:38.603,2.966,1500
20240207,SH.510050,09:42:40.767,2.967,900
20240207,SH.510050,09:42:43.978,2.965,1500
20240207,SH.510050,09:42:45.516,2.966,4000
20240207,SH.510050,09:42:49.503,2.968,2500
20240207,SH.510050,09:42:54.566,2.968,1500
20240207,SH.510050,09:42:54.224,2.968,900
20240207,SH.510050,09:42:59.987,2.968,2500
20240207,SH.510050,09:42:57.124,2.968,200
20240207,SH.510050,09:43:00.668,2.968,900
20240207,SH.510050,09:43:01.985,2.969,1500
20240207,SH.510050,09:43:05.623,2.969,2000
20240207,SH.510050,09:43:03.601,2.969,2500
20240207,SH.510050,09:43:06.717,2.97,200
20240207,SH.510050,09:43:07.727,2.971,1000
20240207,SH.510050,09:43:10.987,2.969,300
20240207,SH.510050,09:43:09.607,2.969,400
20240207,SH.510050,09:43:13.945,2.969,900
20240207,SH.510050,09:43:14.893,2.969,1000
20240207,SH.510050,09:43:20.728,2.968,300
20240207,SH.510050,09:43:23.752,2.968,1500
20240207,SH.510050,09:43:23.435,2.969,600
20240207,SH.510050,09:43:25.754,2.968,1900
20240207,SH.510050,09:43:26.165,2.969,1000
20240207,SH.510050,09:43:25.047,2.968,200
20240207,SH.510050,09:43:35.623,2.968,1200
20240207,SH.510050,09:43:35.119,2.967,500
20240207,SH.510050,09:43:34.315,2.968,500
20240207,SH.510050,09:43:38.439,2.967,1200
20240207,SH.510050,09:43:37.481,2.966,300
20240207,SH.510050,09:43:39.565,2.966,600
20240207,SH.510050,09:43:42.136,2.966,200
20240207,SH.510050,09:43:44.503,2.967,500
20240207,SH.510050,09:43:44.484,2.966,1000
20240207,SH.510050,09:43:47.311,2.967,200
20240207,SH.510050,09:43:45.395,2.966,600
20240207,SH.510050,09:43:50.043,2.966,200
20240207,SH.510050,09:43:49.526,2.966,200
20240207,SH.510050,09:43:53.740,2.966,100
20240207,SH.510050,09:43:53.201,2.965,3000
20240207,SH.510050,09:43:55.504,2.967,1000
20240207,SH.510050,09:43:55.184,2.968,600
20240207,SH.510050,09:43:54.826,2.968,300
20240207,SH.510050,09:43:59.955,2.969,2500
20240207,SH.510050,09:43:59.711,2.968,900
20240207,SH.510050,09:44:02.011,2.969,1500
20240207,SH.510050,09:44:08.810,2.972,400
20240207,SH.510050,09:44:11.672,2.971,4000
20240207,SH.510050,09:44:10.453,2.971,3000
20240207,SH.510050,09:44:14.864,2.972,1500
20240207,SH.510050,09:44:14.565,2.971,2000
20240207,SH.510050,09:44:24.350,2.971,200
20240207,SH.510050,09:44:24.849,2.971,500
20240207,SH.510050,09:44:30.841,2.971,400
20240207,SH.510050,09:44:35.314,2.972,1000
20240207,SH.510050,09:44:34.926,2.971,1500
20240207,SH.510050,09:44:36.371,2.971,700
20240207,SH.510050,09:44:41.255,2.971,400
20240207,SH.510050,09:44:42.216,2.972,1200
20240207,SH.510050,09:44:43.158,2.973,1200
20240207,SH.510050,09:44:48.848,2.974,1000
20240207,SH.510050,09:44:48.767,2.973,600
20240207,SH.510050,09:44:53.446,2.974,2000
20240207,SH.510050,09:44:54.001,2.974,500
20240207,SH.510050,09:44:55.982,2.973,800
20240207,SH.510050,09:44:59.369,2.974,200
20240207,SH.510050,09:45:01.120,2.974,1000
20240207,SH.510050,09:45:04.509,2.973,400
20240207,SH.510050,09:45:04.917,2.973,1100
20240207,SH.510050,09:45:07.853,2.973,1600
20240207,SH.510050,09:45:11.624,2.972,1500
20240207,SH.510050,09:45:11.849,2.972,2800
20240207,SH.510050,09:45:12.919,2.974,200
20240207,SH.510050,09:45:16.843,2.974,300
20240207,SH.510050,09:45:16.435,2.974,3000
20240207,SH.510050,09:45:17.416,2.974,1000
20240207,SH.510050,09:45:16.787,2.974,600
20240207,SH.510050,09:45:17.069,2.975,800
20240207,SH.510050,09:45:19.472,2.974,100
20240207,SH.510050,09:45:19.227,2.975,200
20240207,SH.510050,09:45:23.880,2.973,1200
20240207,SH.510050,09:45:23.692,2.974,1500
20240207,SH.510050,09:45:21.477,2.974,2000
20240207,SH.510050,09:45:26.891,2.974,1000
20240207,SH.510050,09:45:25.127,2.975,2000
20240207,SH.510050,09:45:29.154,2.976,500
20240207,SH.510050,09:45:29.215,2.976,300
20240207,SH.510050,09:45:29.736,2.975,700
20240207,SH.510050,09:45:29.339,2.975,1000
20240207,SH.510050,09:45:32.162,2.975,100
20240207,SH.510050,09:45:31.421,2.976,2000
20240207,SH.510050,09:45:32.236,2.975,2700
20240207,SH.510050,09:45:38.485,2.972,2000
20240207,SH.510050,09:45:43.506,2.974,1200
20240207,SH.510050,09:45:47.248,2.973,5000
20240207,SH.510050,09:45:45.419,2.973,100
20240207,SH.510050,09:45:45.575,2.973,200
20240207,SH.510050,09:45:45.793,2.973,900
20240207,SH.510050,09:45:50.065,2.975,2000
20240207,SH.510050,09:45:49.586,2.974,100
20240207,SH.510050,09:45:48.597,2.975,800
20240207,SH.510050,09:45:50.397,2.975,600
20240207,SH.510050,09:45:53.432,2.976,700
20240207,SH.510050,09:45:54.782,2.978,3000
20240207,SH.510050,09:45:54.944,2.978,100
20240207,SH.510050,09:46:01.577,2.977,1500
20240207,SH.510050,09:46:05.410,2.977,400
20240207,SH.510050,09:46:04.669,2.976,300
20240207,SH.510050,09:46:08.095,2.975,2000
20240207,SH.510050,09:46:11.583,2.975,2500
20240207,SH.510050,09:46:13.621,2.975,4000
20240207,SH.510050,09:46:13.287,2.976,1000
20240207,SH.510050,09:46:15.947,2.975,1000
20240207,SH.510050,09:46:16.991,2.975,500
20240207,SH.510050,09:46:19.254,2.976,400
20240207,SH.510050,09:46:21.112,2.976,500
20240207,SH.510050,09:46:23.318,2.975,400
20240207,SH.510050,09:46:24.115,2.977,300
20240207,SH.510050,09:46:29.351,2.976,800
20240207,SH.510050,09:46:32.759,2.976,1000
20240207,SH.510050,09:46:30.448,2.976,100
20240207,SH.510050,09:46:35.852,2.976,3000
20240207,SH.510050,09:46:34.566,2.976,1900
20240207,SH.510050,09:46:34.906,2.975,400
20240207,SH.510050,09:46:38.759,2.976,2000
20240207,SH.510050,09:46:41.372,2.976,700
20240207,SH.510050,09:46:40.501,2.976,300
20240207,SH.510050,09:46:43.588,2.977,2800
20240207,SH.510050,09:46:43.696,2.977,300
20240207,SH.510050,09:46:47.348,2.977,100
20240207,SH.510050,09:46:50.292,2.975,200
20240207,SH.510050,09:46:48.434,2.976,400
20240207,SH.510050,09:46:49.866,2.976,1500
20240207,SH.510050,09:46:50.859,2.975,1200
20240207,SH.510050,09:46:52.378,2.975,300
20240207,SH.510050,09:46:54.048,2.978,1500
20240207,SH.510050,09:46:55.422,2.978,900
20240207,SH.510050,09:46:57.005,2.979,500
20240207,SH.510050,09:47:03.413,2.979,300
20240207,SH.510050,09:47:08.045,2.979,500
20240207,SH.510050,09:47:10.668,2.977,400
20240207,SH.510050,09:47:12.615,2.977,300
20240207,SH.510050,09:47:14.076,2.977,200
20240207,SH.510050,09:47:12.898,2.978,3000
20240207,SH.510050,09:47:16.535,2.977,1000
20240207,SH.510050,09:47:17.170,2.977,1000
20240207,SH.510050,09:47:19.677,2.977,100
20240207,SH.510050,09:47:19.084,2.977,300
20240207,SH.510050,09:47:18.140,2.977,300
20240207,SH.510050,09:47:23.306,2.977,400
20240207,SH.510050,09:47:21.534,2.977,300
20240207,SH.510050,09:47:25.654,2.978,1000
20240207,SH.510050,09:47:26.374,2.978,100
20240207,SH.510050,09:47:29.478,2.979,200
20240207,SH.510050,09:47:27.011,2.979,300
20240207,SH.510050,09:47:30.705,2.977,200
20240207,SH.510050,09:47:31.407,2.978,900
20240207,SH.510050,09:47:32.184,2.978,400
20240207,SH.510050,09:47:34.201,2.977,300
20240207,SH.510050,09:47:36.149,2.979,2000
20240207,SH.510050,09:47:37.600,2.978,5000
20240207,SH.510050,09:47:37.647,2.979,1500
20240207,SH.510050,09:47:39.240,2.979,200
20240207,SH.510050,09:47:41.485,2.979,600
20240207,SH.510050,09:47:40.965,2.98,200
20240207,SH.510050,09:47:41.676,2.979,1800
20240207,SH.510050,09:47:42.399,2.979,400
20240207,SH.510050,09:47:45.346,2.979,100
20240207,SH.510050,09:47:46.674,2.978,500
20240207,SH.510050,09:47:47.655,2.978,600
20240207,SH.510050,09:47:48.389,2.979,500
20240207,SH.510050,09:47:50.615,2.978,200
20240207,SH.510050,09:47:51.263,2.979,100
20240207,SH.510050,09:47:51.923,2.98,200
20240207,SH.510050,09:47:55.731,2.979,200
20240207,SH.510050,09:47:58.359,2.979,200
20240207,SH.510050,09:47:58.266,2.98,100
20240207,SH.510050,09:47:59.224,2.979,600
20240207,SH.510050,09:48:01.367,2.981,500
20240207,SH.510050,09:48:08.218,2.982,100
20240207,SH.510050,09:48:07.673,2.982,100
20240207,SH.510050,09:48:14.023,2.982,600
20240207,SH.510050,09:48:12.100,2.982,800
20240207,SH.510050,09:48:17.736,2.981,1000
20240207,SH.510050,09:48:17.377,2.982,900
20240207,SH.510050,09:48:20.572,2.981,1000
20240207,SH.510050,09:48:25.686,2.979,200
20240207,SH.510050,09:48:26.197,2.98,5000
20240207,SH.510050,09:48:27.033,2.979,1000
20240207,SH.510050,09:48:29.682,2.979,100
20240207,SH.510050,09:48:30.766,2.98,200
20240207,SH.510050,09:48:33.894,2.979,1500
20240207,SH.510050,09:48:37.713,2.981,1000
20240207,SH.510050,09:48:43.181,2.981,900
20240207,SH.510050,09:48:44.915,2.98,300
20240207,SH.510050,09:48:46.660,2.982,400
20240207,SH.510050,09:48:47.006,2.982,4000
20240207,SH.510050,09:48:50.607,2.981,2000
20240207,SH.510050,09:48:49.830,2.982,200
20240207,SH.510050,09:48:56.486,2.983,1000
20240207,SH.510050,09:48:54.870,2.984,300
20240207,SH.510050,09:48:54.352,2.984,2500
20240207,SH.510050,09:48:59.232,2.984,200
20240207,SH.510050,09:48:59.856,2.985,3000
20240207,SH.510050,09:48:58.576,2.985,1000
20240207,SH.510050,09:49:00.161,2.983,1000
20240207,SH.510050,09:49:05.074,2.985,500
20240207,SH.510050,09:49:08.494,2.984,900
20240207,SH.510050,09:49:07.312,2.984,600
20240207,SH.510050,09:49:09.842,2.984,100
20240207,SH.510050,09:49:09.117,2.984,1000
20240207,SH.510050,09:49:14.504,2.987,600
20240207,SH.510050,09:49:13.817,2.986,2500
20240207,SH.510050,09:49:16.072,2.986,800
20240207,SH.510050,09:49:16.738,2.985,400
20240207,SH.510050,09:49:15.221,2.985,800
20240207,SH.510050,09:49:20.287,2.986,300
20240207,SH.510050,09:49:19.636,2.985,4000
20240207,SH.510050,09:49:26.081,2.985,800
20240207,SH.510050,09:49:24.995,2.984,400
20240207,SH.510050,09:49:28.903,2.984,500
20240207,SH.510050,09:49:35.694,2.984,200
20240207,SH.510050,09:49:36.399,2.983,100
20240207,SH.510050,09:49:40.647,2.982,3000
20240207,SH.510050,09:49:44.224,2.983,200
20240207,SH.510050,09:49:50.315,2.983,200
20240207,SH.510050,09:49:50.958,2.982,600
20240207,SH.510050,09:49:48.382,2.983,1500
20240207,SH.510050,09:49:49.356,2.982,1500
20240207,SH.510050,09:49:48.705,2.982,3000
20240207,SH.510050,09:49:51.980,2.984,1000
20240207,SH.510050,09:49:59.044,2.983,2000
20240207,SH.510050,09:49:57.173,2.983,2000
20240207,SH.510050,09:49:59.301,2.984,1000
20240207,SH.510050,09:50:02.171,2.982,500
20240207,SH.510050,09:50:00.602,2.983,100
20240207,SH.510050,09:50:05.079,2.983,2000
20240207,SH.510050,09:50:03.966,2.983,200
20240207,SH.510050,09:50:03.508,2.983,1000
20240207,SH.510050,09:50:09.542,2.983,600
20240207,SH.510050,09:50:11.703,2.982,1200
20240207,SH.510050,09:50:14.270,2.983,5000
20240207,SH.510050,09:50:14.644,2.982,1500
20240207,SH.510050,09:50:13.052,2.982,100
20240207,SH.510050,09:50:20.617,2.981,300
20240207,SH.510050,09:50:23.730,2.982,600
20240207,SH.510050,09:50:21.703,2.982,400
20240207,SH.510050,09:50:26.925,2.982,100
20240207,SH.510050,09:50:25.909,2.983,500
20240207,SH.510050,09:50:26.568,2.983,300
20240207,SH.510050,09:50:32.926,2.984,300
20240207,SH.510050,09:50:33.057,2.983,1000
20240207,SH.510050,09:50:40.882,2.984,200
20240207,SH.510050,09:50:53.098,2.983,2500
20240207,SH.510050,09:50:54.247,2.983,300
20240207,SH.510050,09:50:58.504,2.984,2500
20240207,SH.510050,09:50:57.947,2.984,4000
20240207,SH.510050,09:51:02.328,2.983,3000
20240207,SH.510050,09:51:05.693,2.983,300
20240207,SH.510050,09:51:04.470,2.982,2500
20240207,SH.510050,09:51:05.513,2.983,2000
20240207,SH.510050,09:51:10.325,2.986,100
20240207,SH.510050,09:51:12.356,2.985,500
20240207,SH.510050,09:51:12.606,2.985,300
20240207,SH.510050,09:51:16.902,2.986,500
20240207,SH.510050,09:51:16.445,2.986,1000
20240207,SH.510050,09:51:18.108,2.984,500
20240207,SH.510050,09:51:22.746,2.984,100
20240207,SH.510050,09:51:21.225,2.984,1500
20240207,SH.510050,09:51:26.705,2.985,500
20240207,SH.510050,09:51:24.226,2.984,700
20240207,SH.510050,09:51:29.042,2.985,1500
20240207,SH.510050,09:51:27.596,2.986,600
20240207,SH.510050,09:51:31.076,2.986,600
20240207,SH.510050,09:51:32.229,2.986,900
20240207,SH.510050,09:51:35.487,2.987,1200
20240207,SH.510050,09:51:36.226,2.988,1500
20240207,SH.510050,09:51:37.473,2.988,1000
20240207,SH.510050,09:51:40.177,2.987,100
20240207,SH.510050,09:51:42.498,2.987,600
20240207,SH.510050,09:51:43.020,2.987,200
20240207,SH.510050,09:51:43.054,2.987,800
20240207,SH.510050,09:51:45.284,2.986,300
20240207,SH.510050,09:51:45.622,2.987,600
20240207,SH.510050,09:51:45.411,2.986,4000
20240207,SH.510050,09:51:50.898,2.987,2000
20240207,SH.510050,09:51:53.534,2.986,300
20240207,SH.510050,09:51:52.207,2.986,2000
20240207,SH.510050,09:51:52.168,2.986,600
20240207,SH.510050,09:51:52.192,2.986,2000
20240207,SH.510050,09:51:51.402,2.986,1000
20240207,SH.510050,09:51:57.166,2.988,1500
20240207,SH.510050,09:51:57.998,2.987,400
20240207,SH.510050,09:52:03.269,2.989,1500
20240207,SH.510050,09:52:07.413,2.989,200
20240207,SH.510050,09:52:12.595,2.99,2500
20240207,SH.510050,09:52:16.619,2.989,200
20240207,SH.510050,09:52:20.603,2.988,2000
20240207,SH.510050,09:52:19.552,2.987,900
20240207,SH.510050,09:52:25.960,2.988,500
20240207,SH.510050,09:52:24.160,2.988,100
20240207,SH.510050,09:52:35.498,2.987,1500
20240207,SH.510050,09:52:40.266,2.986,200
20240207,SH.510050,09:52:42.168,2.985,100
20240207,SH.510050,09:52:43.642,2.986,3000
20240207,SH.510050,09:52:44.582,2.986,200
20240207,SH.510050,09:52:44.748,2.985,1000
20240207,SH.510050,09:52:43.741,2.985,900
20240207,SH.510050,09:52:46.184,2.986,400
20240207,SH.510050,09:52:49.262,2.987,4000
20240207,SH.510050,09:52:52.784,2.986,600
20240207,SH.510050,09:52:51.220,2.986,500
20240207,SH.510050,09:52:56.048,2.987,300
20240207,SH.510050,09:52:54.200,2.987,300
20240207,SH.510050,09:53:02.909,2.986,400
20240207,SH.510050,09:53:00.207,2.986,300
20240207,SH.510050,09:53:04.362,2.986,1200
20240207,SH.510050,09:53:07.376,2.986,2000
20240207,SH.510050,09:53:06.683,2.985,100
20240207,SH.510050,09:53:17.860,2.987,500
20240207,SH.510050,09:53:18.600,2.988,600
20240207,SH.510050,09:53:23.209,2.988,400
20240207,SH.510050,09:53:21.816,2.988,500
20240207,SH.510050,09:53:23.271,2.988,200
20240207,SH.510050,09:53:21.547,2.988,2000
20240207,SH.510050,09:53:25.718,2.987,400
20240207,SH.510050,09:53:26.844,2.987,300
20240207,SH.510050,09:53:27.220,2.988,400
20240207,SH.510050,09:53:29.508,2.988,1000
20240207,SH.510050,09:53:27.016,2.987,600
20240207,SH.510050,09:53:29.797,2.987,900
20240207,SH.510050,09:53:32.653,2.987,1200
20240207,SH.510050,09:53:34.727,2.985,800
20240207,SH.510050,09:53:38.947,2.983,3000
20240207,SH.510050,09:53:42.896,2.986,400
20240207,SH.510050,09:53:49.464,2.986,400
20240207,SH.510050,09:53:51.073,2.987,2000
20240207,SH.510050,09:53:53.583,2.987,500
20240207,SH.510050,09:53:52.547,2.987,1200
20240207,SH.510050,09:53:52.193,2.987,600
20240207,SH.510050,09:53:57.018,2.987,500
20240207,SH.510050,09:54:02.647,2.985,600
20240207,SH.510050,09:54:01.213,2.986,2500
20240207,SH.510050,09:54:02.775,2.985,2500
20240207,SH.510050,09:54:02.251,2.985,2100
20240207,SH.510050,09:54:04.900,2.985,100
20240207,SH.510050,09:54:06.903,2.985,600
20240207,SH.510050,09:54:08.513,2.985,200
20240207,SH.510050,09:54:09.687,2.984,300
20240207,SH.510050,09:54:11.065,2.984,3000
20240207,SH.510050,09:54:13.824,2.985,600
20240207,SH.510050,09:54:13.899,2.985,500
20240207,SH.510050,09:54:17.573,2.986,500
20240207,SH.510050,09:54:16.909,2.986,100
20240207,SH.510050,09:54:16.194,2.985,100
20240207,SH.510050,09:54:20.808,2.985,100
20240207,SH.510050,09:54:20.908,2.985,200
20240207,SH.510050,09:54:21.082,2.987,900
20240207,SH.510050,09:54:25.475,2.987,200
20240207,SH.510050,09:54:26.019,2.987,600
20240207,SH.510050,09:54:27.839,2.987,2000
20240207,SH.510050,09:54:29.232,2.986,1500
20240207,SH.510050,09:54:30.786,2.987,1000
20240207,SH.510050,09:54:33.440,2.985,5000
20240207,SH.510050,09:54:33.461,2.986,100
20240207,SH.510050,09:54:38.290,2.984,1000
20240207,SH.510050,09:54:37.653,2.985,2000
20240207,SH.510050,09:54:37.325,2.984,600
20240207,SH.510050,09:54:41.472,2.984,200
20240207,SH.510050,09:54:40.383,2.984,600
20240207,SH.510050,09:54:44.740,2.984,700
20240207,SH.510050,09:54:42.666,2.984,500
20240207,SH.510050,09:54:42.392,2.984,100
20240207,SH.510050,09:54:47.195,2.984,400
20240207,SH.510050,09:54:46.473,2.983,1100
20240207,SH.510050,09:54:45.248,2.984,600
20240207,SH.510050,09:54:48.619,2.983,300
20240207,SH.510050,09:54:50.758,2.982,300
20240207,SH.510050,09:54:55.775,2.981,100
20240207,SH.510050,09:54:56.417,2.98,600
20240207,SH.510050,09:54:57.922,2.98,900
20240207,SH.510050,09:54:57.147,2.981,1000
20240207,SH.510050,09:55:03.524,2.982,1000
20240207,SH.510050,09:55:05.327,2.981,1200
20240207,SH.510050,09:55:09.240,2.981,4000
20240207,SH.510050,09:55:15.782,2.983,300
20240207,SH.510050,09:55:18.554,2.982,3000
20240207,SH.510050,09:55:24.531,2.98,300
20240207,SH.510050,09:55:26.045,2.98,300
20240207,SH.510050,09:55:28.351,2.98,100
20240207,SH.510050,09:55:28.705,2.98,1200
20240207,SH.510050,09:55:30.912,2.981,300
20240207,SH.510050,09:55:35.862,2.981,500
20240207,SH.510050,09:55:37.290,2.983,200
20240207,SH.510050,09:55:37.873,2.984,600
20240207,SH.510050,09:55:42.567,2.981,600
20240207,SH.510050,09:55:43.542,2.981,1200
20240207,SH.510050,09:55:44.931,2.982,300
20240207,SH.510050,09:55:47.232,2.983,500
20240207,SH.510050,09:55:46.826,2.984,1000
20240207,SH.510050,09:55:49.984,2.986,2100
20240207,SH.510050,09:55:53.752,2.986,300
20240207,SH.510050,09:56:01.957,2.984,900
20240207,SH.510050,09:56:00.824,2.985,400
20240207,SH.510050,09:56:07.956,2.983,4000
20240207,SH.510050,09:56:09.589,2.985,3000
20240207,SH.510050,09:56:16.405,2.986,600
20240207,SH.510050,09:56:22.888,2.983,1100
20240207,SH.510050,09:56:25.643,2.982,1500
20240207,SH.510050,09:56:27.181,2.981,800
20240207,SH.510050,09:56:31.543,2.982,5000
20240207,SH.510050,09:56:31.476,2.982,500
20240207,SH.510050,09:56:31.030,2.983,1000
20240207,SH.510050,09:56:35.253,2.984,400
20240207,SH.510050,09:56:34.532,2.983,700
20240207,SH.510050,09:56:34.313,2.983,1000
20240207,SH.510050,09:56:38.751,2.982,200
20240207,SH.510050,09:56:42.621,2.982,900
20240207,SH.510050,09:56:46.755,2.982,600
20240207,SH.510050,09:56:48.723,2.984,5000
20240207,SH.510050,09:56:52.151,2.984,900
20240207,SH.510050,09:56:51.446,2.985,900
20240207,SH.510050,09:56:56.347,2.983,600
20240207,SH.510050,09:56:58.191,2.983,100
20240207,SH.510050,09:56:59.762,2.983,2000
20240207,SH.510050,09:57:00.094,2.984,1000
20240207,SH.510050,09:57:04.124,2.985,1200
20240207,SH.510050,09:57:03.208,2.984,2500
20240207,SH.510050,09:57:05.046,2.984,4000
20240207,SH.510050,09:57:07.567,2.984,1200
20240207,SH.510050,09:57:08.310,2.985,5000
20240207,SH.510050,09:57:13.752,2.987,3000
20240207,SH.510050,09:57:14.222,2.987,100
20240207,SH.510050,09:57:15.285,2.985,1800
20240207,SH.510050,09:57:15.152,2.986,4000
20240207,SH.510050,09:57:19.531,2.985,600
20240207,SH.510050,09:57:20.078,2.985,400
20240207,SH.510050,09:57:19.454,2.985,900
20240207,SH.510050,09:57:21.093,2.986,500
20240207,SH.510050,09:57:25.401,2.984,4000
20240207,SH.510050,09:57:28.593,2.985,100
20240207,SH.510050,09:57:32.852,2.984,400
20240207,SH.510050,09:57:30.953,2.984,1500
20240207,SH.510050,09:57:32.296,2.984,1000
20240207,SH.510050,09:57:33.133,2.983,400
20240207,SH.510050,09:57:33.123,2.983,400
20240207,SH.510050,09:57:33.470,2.983,100
20240207,SH.510050,09:57:35.786,2.984,400
20240207,SH.510050,09:57:38.564,2.984,5000
20240207,SH.510050,09:57:38.106,2.984,100
20240207,SH.510050,09:57:41.432,2.982,1500
20240207,SH.510050,09:57:40.445,2.982,100
20240207,SH.510050,09:57:39.295,2.983,1200
20240207,SH.510050,09:57:44.509,2.981,1500
20240207,SH.510050,09:57:43.435,2.982,200
20240207,SH.510050,09:57:46.101,2.981,3000
20240207,SH.510050,09:57:45.433,2.982,4000
20240207,SH.510050,09:57:45.872,2.982,2000
20240207,SH.510050,09:57:47.617,2.982,100
20240207,SH.510050,09:57:49.638,2.982,1000
20240207,SH.510050,09:57:55.953,2.982,200
20240207,SH.510050,09:57:55.404,2.981,500
20240207,SH.510050,09:57:57.558,2.979,300
20240207,SH.510050,09:57:57.441,2.979,1500
20240207,SH.510050,09:58:01.390,2.98,2000
20240207,SH.510050,09:58:06.805,2.981,2500
20240207,SH.510050,09:58:15.898,2.981,100
20240207,SH.510050,09:58:16.874,2.98,1500
20240207,SH.510050,09:58:20.534,2.981,100
20240207,SH.510050,09:58:18.275,2.981,300
20240207,SH.510050,09:58:25.281,2.985,400
20240207,SH.510050,09:58:27.329,2.986,5000
20240207,SH.510050,09:58:27.020,2.986,100
20240207,SH.510050,09:58:32.965,2.986,2400
20240207,SH.510050,09:58:35.053,2.987,1000
20240207,SH.510050,09:58:38.348,2.985,300
20240207,SH.510050,09:58:36.301,2.986,5000
20240207,SH.510050,09:58:36.277,2.985,300
20240207,SH.510050,09:58:39.950,2.985,200
20240207,SH.510050,09:58:39.046,2.986,200
20240207,SH.510050,09:58:42.724,2.986,900
20240207,SH.510050,09:58:43.446,2.987,200
20240207,SH.510050,09:58:43.399,2.986,500
20240207,SH.510050,09:58:46.393,2.986,1000
20240207,SH.510050,09:58:47.235,2.987,2500
20240207,SH.510050,09:58:48.716,2.986,700
20240207,SH.510050,09:58:51.227,2.986,2300
20240207,SH.510050,09:58:53.717,2.986,300
20240207,SH.510050,09:58:51.801,2.986,200
20240207,SH.510050,09:58:58.723,2.984,3800
20240207,SH.510050,09:59:04.162,2.985,500
20240207,SH.510050,09:59:05.770,2.985,1500
20240207,SH.510050,09:59:03.437,2.984,4000
20240207,SH.510050,09:59:07.131,2.984,500
20240207,SH.510050,09:59:11.815,2.985,300
20240207,SH.510050,09:59:10.400,2.985,300
20240207,SH.510050,09:59:10.116,2.985,900
20240207,SH.510050,09:59:12.357,2.986,500
20240207,SH.510050,09:59:16.057,2.986,600
20240207,SH.510050,09:59:16.612,2.986,100
20240207,SH.510050,09:59:20.783,2.986,600
20240207,SH.510050,09:59:18.405,2.985,800
20240207,SH.510050,09:59:18.514,2.986,100
20240207,SH.510050,09:59:20.373,2.985,100
20240207,SH.510050,09:59:26.205,2.986,500
20240207,SH.510050,09:59:26.920,2.987,300
20240207,SH.510050,09:59:28.273,2.986,2500
20240207,SH.510050,09:59:30.774,2.984,200
20240207,SH.510050,09:59:30.991,2.984,200
20240207,SH.510050,09:59:33.927,2.984,1300
20240207,SH.510050,09:59:33.626,2.984,200
20240207,SH.510050,09:59:33.847,2.983,300
20240207,SH.510050,09:59:37.739,2.985,5000
20240207,SH.510050,09:59:36.726,2.984,1000
20240207,SH.510050,09:59:37.029,2.985,300
20240207,SH.510050,09:59:40.168,2.984,1500
20240207,SH.510050,09:59:44.099,2.983,300
20240207,SH.510050,09:59:42.610,2.983,1200
20240207,SH.510050,09:59:44.648,2.982,200
20240207,SH.510050,09:59:44.352,2.983,100
20240207,SH.510050,09:59:45.974,2.983,1700
20240207,SH.510050,09:59:45.299,2.983,600
20240207,SH.510050,09:59:45.833,2.983,1500
20240207,SH.510050,09:59:50.699,2.983,2000
20240207,SH.510050,09:59:48.685,2.984,1500
20240207,SH.510050,09:59:53.884,2.983,300
20240207,SH.510050,09:59:53.992,2.984,1200
20240207,SH.510050,09:59:56.406,2.984,100
20240207,SH.510050,09:59:58.526,2.983,500
20240207,SH.510050,09:59:58.268,2.984,1900
20240207,SH.510050,10:00:01.976,2.984,400
20240207,SH.510050,10:00:01.152,2.984,900
20240207,SH.510050,10:00:04.531,2.985,1500
20240207,SH.510050,10:00:05.410,2.986,800
20240207,SH.510050,10:00:09.680,2.983,600
20240207,SH.510050,10:00:09.511,2.983,600
20240207,SH.510050,10:00:13.016,2.984,600
20240207,SH.510050,10:00:14.485,2.984,200
20240207,SH.510050,10:00:25.635,2.983,300
20240207,SH.510050,10:00:27.530,2.983,200
20240207,SH.510050,10:00:35.035,2.984,300
20240207,SH.510050,10:00:37.092,2.982,1500
20240207,SH.510050,10:00:38.093,2.982,800
20240207,SH.510050,10:00:40.667,2.983,200
20240207,SH.510050,10:00:45.916,2.986,100
20240207,SH.510050,10:00:46.205,2.985,1500
20240207,SH.510050,10:00:46.663,2.986,100
20240207,SH.510050,10:00:50.402,2.986,200
20240207,SH.510050,10:00:52.841,2.986,4000
20240207,SH.510050,10:00:56.493,2.987,600
20240207,SH.510050,10:00:55.724,2.986,300
20240207,SH.510050,10:00:54.179,2.987,300
20240207,SH.510050,10:00:56.137,2.986,200
20240207,SH.510050,10:00:57.041,2.987,1500
20240207,SH.510050,10:01:00.410,2.986,1300
20240207,SH.510050,10:01:06.464,2.985,400
20240207,SH.510050,10:01:07.977,2.986,3000
20240207,SH.510050,10:01:08.401,2.985,1200
20240207,SH.510050,10:01:12.220,2.985,100
20240207,SH.510050,10:01:13.420,2.985,2500
20240207,SH.510050,10:01:15.966,2.984,3000
20240207,SH.510050,10:01:22.855,2.983,2000
20240207,SH.510050,10:01:23.317,2.984,1300
20240207,SH.510050,10:01:22.761,2.984,1000
20240207,SH.510050,10:01:25.291,2.984,600
20240207,SH.510050,10:01:24.007,2.984,200
20240207,SH.510050,10:01:24.391,2.985,300
20240207,SH.510050,10:01:28.439,2.984,600
20240207,SH.510050,10:01:29.197,2.985,1000
20240207,SH.510050,10:01:33.571,2.984,200
20240207,SH.510050,10:01:34.711,2.985,1000
20240207,SH.510050,10:01:34.940,2.984,1500
20240207,SH.510050,10:01:36.232,2.986,400
20240207,SH.510050,10:01:36.751,2.986,700
20240207,SH.510050,10:01:37.219,2.986,1100
20240207,SH.510050,10:01:38.409,2.985,900
20240207,SH.510050,10:01:41.352,2.986,300
20240207,SH.510050,10:01:39.165,2.985,2000
20240207,SH.510050,10:01:43.649,2.983,300
20240207,SH.510050,10:01:43.811,2.984,400
20240207,SH.510050,10:01:46.592,2.982,600
20240207,SH.510050,10:01:47.419,2.981,500
20240207,SH.510050,10:01:50.930,2.981,2000
20240207,SH.510050,10:01:48.583,2.98,200
20240207,SH.510050,10:01:49.541,2.98,600
20240207,SH.510050,10:01:53.940,2.98,3000
20240207,SH.510050,10:01:58.625,2.979,500
20240207,SH.510050,10:02:02.003,2.981,100
20240207,SH.510050,10:02:02.907,2.98,1200
20240207,SH.510050,10:02:01.905,2.981,1000
20240207,SH.510050,10:02:04.083,2.979,2900
20240207,SH.510050,10:02:05.206,2.978,400
20240207,SH.510050,10:02:03.966,2.979,3000
20240207,SH.510050,10:02:14.567,2.981,800
20240207,SH.510050,10:02:14.483,2.981,2000
20240207,SH.510050,10:02:16.309,2.98,1000
20240207,SH.510050,10:02:18.681,2.98,200
20240207,SH.510050,10:02:18.536,2.979,600
20240207,SH.510050,10:02:23.427,2.98,800
20240207,SH.510050,10:02:23.032,2.979,100
20240207,SH.510050,10:02:26.880,2.98,200
20240207,SH.510050,10:02:26.428,2.981,200
20240207,SH.510050,10:02:24.827,2.981,400
20240207,SH.510050,10:02:24.172,2.981,100
20240207,SH.510050,10:02:29.153,2.981,300
20240207,SH.510050,10:02:31.253,2.981,300
20240207,SH.510050,10:02:31.498,2.981,2500
20240207,SH.510050,10:02:33.185,2.981,300
20240207,SH.510050,10:02:36.424,2.98,2000
20240207,SH.510050,10:02:37.956,2.979,400
20240207,SH.510050,10:02:42.468,2.979,500
20240207,SH.510050,10:02:44.614,2.979,500
20240207,SH.510050,10:02:43.018,2.979,100
20240207,SH.510050,10:02:44.354,2.98,1500
20240207,SH.510050,10:02:45.363,2.978,800
20240207,SH.510050,10:02:45.123,2.978,400
20240207,SH.510050,10:02:45.267,2.978,400
20240207,SH.510050,10:02:49.300,2.979,5000
20240207,SH.510050,10:02:48.702,2.979,1500
20240207,SH.510050,10:02:49.016,2.979,500
20240207,SH.510050,10:02:52.529,2.979,200
20240207,SH.510050,10:02:52.311,2.98,100
20240207,SH.510050,10:02:56.573,2.98,500
20240207,SH.510050,10:02:58.012,2.979,300
20240207,SH.510050,10:02:58.449,2.98,300
20240207,SH.510050,10:02:58.826,2.979,200
20240207,SH.510050,10:03:00.722,2.981,1500
20240207,SH.510050,10:03:05.475,2.981,1500
20240207,SH.510050,10:03:09.227,2.98,100
20240207,SH.510050,10:03:12.698,2.981,500
20240207,SH.510050,10:03:16.194,2.983,1000
20240207,SH.510050,10:03:19.986,2.982,2000
20240207,SH.510050,10:03:20.407,2.983,1200
20240207,SH.510050,10:03:21.385,2.983,500
20240207,SH.510050,10:03:26.378,2.983,2000
20240207,SH.510050,10:03:26.164,2.983,5000
20240207,SH.510050,10:03:24.189,2.983,1200
20240207,SH.510050,10:03:28.658,2.983,5000
20240207,SH.510050,10:03:35.035,2.981,100
20240207,SH.510050,10:03:34.547,2.981,800
20240207,SH.510050,10:03:37.603,2.982,2400
20240207,SH.510050,10:03:37.721,2.983,3000
20240207,SH.510050,10:03:36.093,2.983,2500
20240207,SH.510050,10:03:40.602,2.982,1000
20240207,SH.510050,10:03:41.404,2.982,600
20240207,SH.510050,10:03:46.562,2.98,600
20240207,SH.510050,10:03:47.511,2.98,500
20240207,SH.510050,10:03:47.520,2.981,400
20240207,SH.510050,10:03:47.663,2.98,600
20240207,SH.510050,10:03:48.909,2.98,1200
20240207,SH.510050,10:03:53.571,2.981,2000
20240207,SH.510050,10:03:51.050,2.98,300
20240207,SH.510050,10:03:56.311,2.98,100
20240207,SH.510050,10:03:54.996,2.98,100
20240207,SH.510050,10:03:54.230,2.98,800
20240207,SH.510050,10:03:55.720,2.979,2000
20240207,SH.510050,10:03:57.820,2.979,1000
20240207,SH.510050,10:03:57.098,2.979,100
20240207,SH.510050,10:03:59.661,2.978,1000
20240207,SH.510050,10:03:59.462,2.979,500
20240207,SH.510050,10:04:02.104,2.98,2000
20240207,SH.510050,10:04:02.398,2.98,2500
20240207,SH.510050,10:04:04.645,2.98,3000
20240207,SH.510050,10:04:04.951,2.98,1000
20240207,SH.510050,10:04:08.883,2.981,2000
20240207,SH.510050,10:04:08.430,2.982,700
20240207,SH.510050,10:04:07.997,2.982,1000
20240207,SH.510050,10:04:08.878,2.981,200
20240207,SH.510050,10:04:11.030,2.982,2000
20240207,SH.510050,10:04:10.979,2.982,200
20240207,SH.510050,10:04:09.048,2.983,600
20240207,SH.510050,10:04:13.506,2.985,4200
20240207,SH.510050,10:04:14.562,2.985,500
20240207,SH.510050,10:04:21.801,2.985,200
20240207,SH.510050,10:04:21.698,2.985,2600
20240207,SH.510050,10:04:27.131,2.985,200
20240207,SH.510050,10:04:32.661,2.985,5000
20240207,SH.510050,10:04:33.842,2.987,500
20240207,SH.510050,10:04:38.124,2.987,1000
20240207,SH.510050,10:04:41.905,2.987,5000
20240207,SH.510050,10:04:41.126,2.987,1500
20240207,SH.510050,10:04:44.346,2.986,600
20240207,SH.510050,10:04:44.928,2.987,300
20240207,SH.510050,10:04:43.470,2.987,300
20240207,SH.510050,10:04:47.154,2.986,200
20240207,SH.510050,10:04:47.910,2.986,100
20240207,SH.510050,10:04:49.311,2.986,400
20240207,SH.510050,10:04:53.927,2.987,5000
20240207,SH.510050,10:04:53.552,2.987,4000
20240207,SH.510050,10:04:55.684,2.986,300
20240207,SH.510050,10:04:58.962,2.986,1000
20240207,SH.510050,10:04:59.541,2.985,1500
20240207,SH.510050,10:05:00.614,2.985,800
20240207,SH.510050,10:05:05.046,2.987,1200
20240207,SH.510050,10:05:08.281,2.988,100
20240207,SH.510050,10:05:06.431,2.989,1500
20240207,SH.510050,10:05:11.038,2.99,2300
20240207,SH.510050,10:05:11.393,2.99,900
20240207,SH.510050,10:05:14.050,2.99,1000
20240207,SH.510050,10:05:19.584,2.992,600
20240207,SH.510050,10:05:20.208,2.993,1200
20240207,SH.510050,10:05:18.838,2.992,300
20240207,SH.510050,10:05:21.051,2.993,3000
20240207,SH.510050,10:05:26.237,2.994,200
20240207,SH.510050,10:05:25.788,2.994,800
20240207,SH.510050,10:05:24.129,2.994,2300
20240207,SH.510050,10:05:26.920,2.994,400
20240207,SH.510050,10:05:26.016,2.993,3000
20240207,SH.510050,10:05:24.196,2.993,1000
20240207,SH.510050,10:05:30.075,2.994,900
20240207,SH.510050,10:05:34.508,2.994,2500
20240207,SH.510050,10:05:35.652,2.994,200
20240207,SH.510050,10:05:37.721,2.997,2500
20240207,SH.510050,10:05:38.402,2.996,600
20240207,SH.510050,10:05:38.872,2.997,400
20240207,SH.510050,10:05:37.571,2.997,900
20240207,SH.510050,10:05:41.851,2.997,1500
20240207,SH.510050,10:05:43.517,2.997,300
20240207,SH.510050,10:05:47.005,2.997,2000
20240207,SH.510050,10:05:46.351,2.996,400
20240207,SH.510050,10:05:49.375,2.997,100
20240207,SH.510050,10:05:50.612,2.997,400
20240207,SH.510050,10:05:49.380,2.998,900
20240207,SH.510050,10:05:50.146,2.997,200
20240207,SH.510050,10:05:53.900,2.997,400
20240207,SH.510050,10:05:52.940,2.997,500
20240207,SH.510050,10:05:52.359,2.996,100
20240207,SH.510050,10:05:53.965,2.997,500
20240207,SH.510050,10:05:58.126,2.994,1000
20240207,SH.510050,10:06:00.366,2.992,1500
20240207,SH.510050,10:06:00.846,2.992,1000
20240207,SH.510050,10:06:01.605,2.993,300
20240207,SH.510050,10:06:00.602,2.992,400
20240207,SH.510050,10:06:01.486,2.992,400
20240207,SH.510050,10:06:04.342,2.993,600
20240207,SH.510050,10:06:09.435,2.991,200
20240207,SH.510050,10:06:09.254,2.991,600
20240207,SH.510050,10:06:12.800,2.992,1200
20240207,SH.510050,10:06:12.442,2.992,2000
20240207,SH.510050,10:06:13.040,2.991,2000
20240207,SH.510050,10:06:15.338,2.991,100
20240207,SH.510050,10:06:17.363,2.991,400
20240207,SH.510050,10:06:15.185,2.992,500
20240207,SH.510050,10:06:20.100,2.991,400
20240207,SH.510050,10:06:18.167,2.992,2000
20240207,SH.510050,10:06:24.110,2.991,400
20240207,SH.510050,10:06:29.698,2.992,300
20240207,SH.510050,10:06:29.376,2.992,600
20240207,SH.510050,10:06:29.954,2.991,5000
20240207,SH.510050,10:06:32.064,2.993,3000
20240207,SH.510050,10:06:35.876,2.993,200
20240207,SH.510050,10:06:38.042,2.993,800
20240207,SH.510050,10:06:37.277,2.994,400
20240207,SH.510050,10:06:38.990,2.994,900
20240207,SH.510050,10:06:36.653,2.993,600
20240207,SH.510050,10:06:41.400,2.991,1000
20240207,SH.510050,10:06:40.840,2.992,100
20240207,SH.510050,10:06:44.598,2.992,2000
20240207,SH.510050,10:06:42.018,2.991,100
20240207,SH.510050,10:06:52.429,2.991,1200
20240207,SH.510050,10:06:51.809,2.992,200
20240207,SH.510050,10:06:51.091,2.992,2000
20240207,SH.510050,10:06:51.376,2.991,300
20240207,SH.510050,10:06:56.335,2.992,1200
20240207,SH.510050,10:07:02.946,2.991,2000
20240207,SH.510050,10:07:03.779,2.991,1000
20240207,SH.510050,10:07:04.746,2.991,5000
20240207,SH.510050,10:07:07.285,2.992,2500
20240207,SH.510050,10:07:13.399,2.99,300
20240207,SH.510050,10:07:14.669,2.99,400
20240207,SH.510050,10:07:17.065,2.991,3000
20240207,SH.510050,10:07:20.775,2.99,100
20240207,SH.510050,10:07:18.251,2.99,300
20240207,SH.510050,10:07:26.901,2.991,300
20240207,SH.510050,10:07:26.581,2.99,200
20240207,SH.510050,10:07:27.822,2.989,1400
20240207,SH.510050,10:07:27.381,2.989,400
20240207,SH.510050,10:07:32.477,2.989,100
20240207,SH.510050,10:07:31.842,2.989,2100
20240207,SH.510050,10:07:35.985,2.988,600
20240207,SH.510050,10:07:36.002,2.989,4000
20240207,SH.510050,10:07:41.882,2.989,1500
20240207,SH.510050,10:07:43.436,2.988,2000
20240207,SH.510050,10:07:44.242,2.987,1500
20240207,SH.510050,10:07:46.214,2.987,400
20240207,SH.510050,10:07:47.682,2.988,5000
20240207,SH.510050,10:07:47.566,2.987,100
20240207,SH.510050,10:07:46.628,2.988,100
20240207,SH.510050,10:07:52.713,2.985,100
20240207,SH.510050,10:07:51.561,2.986,200
20240207,SH.510050,10:07:55.973,2.985,600
20240207,SH.510050,10:07:58.062,2.986,2000
20240207,SH.510050,10:07:59.465,2.985,900
20240207,SH.510050,10:08:00.766,2.984,100
20240207,SH.510050,10:08:02.018,2.985,100
20240207,SH.510050,10:08:07.870,2.986,100
20240207,SH.510050,10:08:06.010,2.985,200
20240207,SH.510050,10:08:11.593,2.985,1000
20240207,SH.510050,10:08:14.212,2.985,400
20240207,SH.510050,10:08:12.736,2.985,900
20240207,SH.510050,10:08:16.328,2.985,1000
20240207,SH.510050,10:08:16.325,2.985,3000
20240207,SH.510050,10:08:17.059,2.985,900
20240207,SH.510050,10:08:21.094,2.984,600
20240207,SH.510050,10:08:23.797,2.984,500
20240207,SH.510050,10:08:25.811,2.985,2000
20240207,SH.510050,10:08:29.685,2.985,300
20240207,SH.510050,10:08:28.759,2.985,2500
20240207,SH.510050,10:08:37.433,2.984,400
20240207,SH.510050,10:08:37.137,2.985,1000
20240207,SH.510050,10:08:41.904,2.985,200
20240207,SH.510050,10:08:41.661,2.986,300
20240207,SH.510050,10:08:44.662,2.983,1000
20240207,SH.510050,10:08:49.924,2.987,500
20240207,SH.510050,10:08:48.786,2.986,800
20240207,SH.510050,10:08:51.093,2.985,400
20240207,SH.510050,10:08:51.431,2.986,500
20240207,SH.510050,10:08:55.311,2.988,600
20240207,SH.510050,10:08:56.257,2.987,1000
20240207,SH.510050,10:08:58.998,2.986,3000
20240207,SH.510050,10:09:01.004,2.988,600
20240207,SH.510050,10:09:05.266,2.985,300
20240207,SH.510050,10:09:04.715,2.985,3500
20240207,SH.510050,10:09:07.778,2.985,400
20240207,SH.510050,10:09:11.993,2.986,400
20240207,SH.510050,10:09:13.865,2.986,600
20240207,SH.510050,10:09:18.359,2.985,900
20240207,SH.510050,10:09:20.530,2.985,900
20240207,SH.510050,10:09:25.941,2.987,1200
20240207,SH.510050,10:09:28.110,2.987,1000
20240207,SH.510050,10:09:28.470,2.987,1400
20240207,SH.510050,10:09:27.970,2.987,100
20240207,SH.510050,10:09:32.320,2.986,200
20240207,SH.510050,10:09:32.297,2.987,600
20240207,SH.510050,10:09:40.256,2.983,1200
20240207,SH.510050,10:09:42.709,2.983,300
20240207,SH.510050,10:09:43.109,2.984,100
20240207,SH.510050,10:09:46.935,2.982,1500
20240207,SH.510050,10:09:48.694,2.981,1000
20240207,SH.510050,10:09:50.520,2.981,800
20240207,SH.510050,10:09:51.972,2.98,300
20240207,SH.510050,10:09:52.905,2.98,400
20240207,SH.510050,10:09:54.912,2.981,2000
20240207,SH.510050,10:09:59.797,2.98,3000
20240207,SH.510050,10:09:59.479,2.981,200
20240207,SH.510050,10:09:58.766,2.98,400
20240207,SH.510050,10:10:03.013,2.979,500
20240207,SH.510050,10:10:04.987,2.979,400
20240207,SH.510050,10:10:06.767,2.978,100
20240207,SH.510050,10:10:11.164,2.979,600
20240207,SH.510050,10:10:11.702,2.979,900
20240207,SH.510050,10:10:09.446,2.979,900
20240207,SH.510050,10:10:14.407,2.98,300
20240207,SH.510050,10:10:14.657,2.98,400
20240207,SH.510050,10:10:14.550,2.979,100
20240207,SH.510050,10:10:16.712,2.979,1000
20240207,SH.510050,10:10:15.821,2.98,300
20240207,SH.510050,10:10:19.213,2.979,900
20240207,SH.510050,10:10:19.622,2.979,600
20240207,SH.510050,10:10:22.266,2.978,100
20240207,SH.510050,10:10:23.020,2.978,5000
20240207,SH.510050,10:10:23.670,2.979,900
20240207,SH.510050,10:10:25.185,2.978,1000
20240207,SH.510050,10:10:28.057,2.979,1500
20240207,SH.510050,10:10:29.344,2.979,2000
20240207,SH.510050,10:10:27.123,2.979,500
20240207,SH.510050,10:10:32.274,2.978,200
20240207,SH.510050,10:10:34.833,2.979,400
20240207,SH.510050,10:10:34.760,2.978,300
20240207,SH.510050,10:10:37.149,2.98,1200
20240207,SH.510050,10:10:38.055,2.979,1200
20240207,SH.510050,10:10:42.791,2.981,300
20240207,SH.510050,10:10:43.196,2.981,3000
20240207,SH.510050,10:10:45.361,2.98,700
20240207,SH.510050,10:10:45.784,2.98,1000
20240207,SH.510050,10:10:50.188,2.98,400
20240207,SH.510050,10:10:52.257,2.98,1200
20240207,SH.510050,10:10:54.999,2.981,300
20240207,SH.510050,10:10:58.943,2.983,300
20240207,SH.510050,10:11:02.145,2.981,1000
20240207,SH.510050,10:11:01.988,2.982,1000
20240207,SH.510050,10:11:03.856,2.982,100
20240207,SH.510050,10:11:07.041,2.982,1700
20240207,SH.510050,10:11:08.319,2.982,500
20240207,SH.510050,10:11:10.111,2.982,800
20240207,SH.510050,10:11:09.477,2.982,1000
20240207,SH.510050,10:11:13.827,2.983,4000
20240207,SH.510050,10:11:17.014,2.981,200
20240207,SH.510050,10:11:16.644,2.981,200
20240207,SH.510050,10:11:17.210,2.981,900
20240207,SH.510050,10:11:20.033,2.98,3000
20240207,SH.510050,10:11:24.337,2.982,200
20240207,SH.510050,10:11:24.373,2.983,3000
20240207,SH.510050,10:11:29.519,2.982,400
20240207,SH.510050,10:11:31.412,2.985,400
20240207,SH.510050,10:11:31.012,2.985,800
20240207,SH.510050,10:11:30.578,2.984,1500
20240207,SH.510050,10:11:33.802,2.986,400
20240207,SH.510050,10:11:37.893,2.985,300
20240207,SH.510050,10:11:37.249,2.986,5000
20240207,SH.510050,10:11:38.615,2.986,3400
20240207,SH.510050,10:11:41.596,2.986,400
20240207,SH.510050,10:11:42.453,2.986,1200
20240207,SH.510050,10:11:43.155,2.986,400
20240207,SH.510050,10:11:43.787,2.986,900
20240207,SH.510050,10:11:45.724,2.985,5000
20240207,SH.510050,10:11:48.009,2.984,600
20240207,SH.510050,10:11:49.327,2.984,900
20240207,SH.510050,10:11:51.430,2.985,600
20240207,SH.510050,10:11:53.458,2.985,300
20240207,SH.510050,10:11:51.117,2.986,300
20240207,SH.510050,10:11:54.327,2.986,800
20240207,SH.510050,10:11:56.633,2.987,900
20240207,SH.510050,10:12:00.472,2.987,400
20240207,SH.510050,10:12:03.465,2.986,100
20240207,SH.510050,10:12:03.457,2.985,4000
20240207,SH.510050,10:12:08.987,2.986,200
20240207,SH.510050,10:12:06.780,2.986,1200
20240207,SH.510050,10:12:10.867,2.987,1500
20240207,SH.510050,10:12:12.040,2.989,200
20240207,SH.510050,10:12:14.550,2.988,1200
20240207,SH.510050,10:12:15.453,2.985,400
20240207,SH.510050,10:12:20.323,2.984,200
20240207,SH.510050,10:12:23.865,2.984,5000
20240207,SH.510050,10:12:23.142,2.984,400
20240207,SH.510050,10:12:28.435,2.983,200
20240207,SH.510050,10:12:27.718,2.983,800
20240207,SH.510050,10:12:27.917,2.982,800
20240207,SH.510050,10:12:28.472,2.982,1500
20240207,SH.510050,10:12:31.245,2.981,2500
20240207,SH.510050,10:12:36.499,2.983,200
20240207,SH.510050,10:12:36.332,2.983,100
20240207,SH.510050,10:12:41.049,2.982,1000
20240207,SH.510050,10:12:43.376,2.982,1500
20240207,SH.510050,10:12:46.351,2.983,500
20240207,SH.510050,10:12:45.039,2.982,1000
20240207,SH.510050,10:12:55.415,2.982,1200
20240207,SH.510050,10:12:55.560,2.982,300
20240207,SH.510050,10:12:54.227,2.983,1500
20240207,SH.510050,10:12:57.594,2.982,300
20240207,SH.510050,10:13:02.648,2.981,4000
20240207,SH.510050,10:13:13.531,2.983,500
20240207,SH.510050,10:13:13.758,2.982,1200
20240207,SH.510050,10:13:12.816,2.982,900
20240207,SH.510050,10:13:17.793,2.983,300
20240207,SH.510050,10:13:18.206,2.981,400
20240207,SH.510050,10:13:20.603,2.982,100
20240207,SH.510050,10:13:21.937,2.981,2900
20240207,SH.510050,10:13:25.349,2.981,400
20240207,SH.510050,10:13:26.408,2.981,2500
20240207,SH.510050,10:13:29.273,2.981,300
20240207,SH.510050,10:13:29.263,2.982,4000
20240207,SH.510050,10:13:29.525,2.981,1500
20240207,SH.510050,10:13:30.384,2.983,400
20240207,SH.510050,10:13:37.250,2.983,800
20240207,SH.510050,10:13:36.945,2.983,300
20240207,SH.510050,10:13:38.518,2.983,400
20240207,SH.510050,10:13:38.967,2.982,1000
20240207,SH.510050,10:13:39.505,2.983,1200
20240207,SH.510050,10:13:41.958,2.984,300
20240207,SH.510050,10:13:42.254,2.982,700
20240207,SH.510050,10:13:45.873,2.981,1200
20240207,SH.510050,10:13:48.580,2.982,500
20240207,SH.510050,10:13:50.050,2.982,1000
20240207,SH.510050,10:13:52.546,2.98,600
20240207,SH.510050,10:13:56.535,2.982,700
20240207,SH.510050,10:13:57.309,2.982,5000
20240207,SH.510050,10:14:00.559,2.981,800
20240207,SH.510050,10:14:01.983,2.982,200
20240207,SH.510050,10:14:06.095,2.982,400
20240207,SH.510050,10:14:08.897,2.983,300
20240207,SH.510050,10:14:10.650,2.982,500
20240207,SH.510050,10:14:10.815,2.982,1000
20240207,SH.510050,10:14:16.985,2.981,1000
20240207,SH.510050,10:14:17.355,2.982,200
20240207,SH.510050,10:14:15.882,2.981,300
20240207,SH.510050,10:14:18.063,2.981,600
20240207,SH.510050,10:14:22.803,2.98,3000
20240207,SH.510050,10:14:24.746,2.982,1200
20240207,SH.510050,10:14:27.167,2.98,600
20240207,SH.510050,10:14:35.068,2.981,500
20240207,SH.510050,10:14:37.006,2.982,600
20240207,SH.510050,10:14:37.562,2.981,700
20240207,SH.510050,10:14:36.149,2.981,300
20240207,SH.510050,10:14:43.521,2.979,200
20240207,SH.510050,10:14:46.544,2.979,600
20240207,SH.510050,10:14:46.181,2.979,1300
20240207,SH.510050,10:14:46.164,2.979,1000
20240207,SH.510050,10:14:50.142,2.978,1000
20240207,SH.510050,10:14:49.390,2.979,1500
20240207,SH.510050,10:14:52.212,2.978,4000
20240207,SH.510050,10:14:54.405,2.978,900
20240207,SH.510050,10:14:54.722,2.978,400
20240207,SH.510050,10:14:59.698,2.977,100
20240207,SH.510050,10:15:02.867,2.976,1000
20240207,SH.510050,10:15:02.189,2.975,300
20240207,SH.510050,10:15:03.170,2.973,400
20240207,SH.510050,10:15:03.466,2.974,1000
20240207,SH.510050,10:15:06.093,2.974,1500
20240207,SH.510050,10:15:10.923,2.973,1300
20240207,SH.510050,10:15:11.499,2.974,700
20240207,SH.510050,10:15:09.139,2.974,800
20240207,SH.510050,10:15:09.813,2.973,2400
20240207,SH.510050,10:15:13.749,2.973,100
20240207,SH.510050,10:15:16.577,2.972,100
20240207,SH.510050,10:15:17.620,2.972,500
20240207,SH.510050,10:15:15.483,2.972,400
20240207,SH.510050,10:15:17.514,2.973,1000
20240207,SH.510050,10:15:16.916,2.972,2800
20240207,SH.510050,10:15:19.036,2.972,4000
20240207,SH.510050,10:15:20.609,2.972,4000
20240207,SH.510050,10:15:20.026,2.972,400
20240207,SH.510050,10:15:21.281,2.972,3000
20240207,SH.510050,10:15:22.279,2.971,1500
20240207,SH.510050,10:15:25.034,2.973,200
20240207,SH.510050,10:15:27.090,2.974,600
20240207,SH.510050,10:15:32.164,2.974,100
20240207,SH.510050,10:15:32.617,2.974,300
20240207,SH.510050,10:15:32.613,2.974,600
20240207,SH.510050,10:15:37.835,2.972,400
20240207,SH.510050,10:15:37.054,2.972,1500
20240207,SH.510050,10:15:39.707,2.972,1500
20240207,SH.510050,10:15:39.848,2.972,100
20240207,SH.510050,10:15:41.311,2.972,300
20240207,SH.510050,10:15:43.515,2.971,1700
20240207,SH.510050,10:15:43.334,2.97,3000
20240207,SH.510050,10:15:44.149,2.97,1200
20240207,SH.510050,10:15:47.085,2.972,1200
20240207,SH.510050,10:15:55.223,2.969,1000
20240207,SH.510050,10:15:56.968,2.969,800
20240207,SH.510050,10:15:58.536,2.97,1500
20240207,SH.510050,10:16:01.030,2.969,300
20240207,SH.510050,10:16:02.039,2.968,600
20240207,SH.510050,10:16:04.217,2.968,2500
20240207,SH.510050,10:16:05.385,2.969,800
20240207,SH.510050,10:16:06.946,2.967,800
20240207,SH.510050,10:16:10.171,2.967,1000
20240207,SH.510050,10:16:10.455,2.967,100
20240207,SH.510050,10:16:10.358,2.968,2000
20240207,SH.510050,10:16:14.200,2.966,100
20240207,SH.510050,10:16:14.854,2.967,500
20240207,SH.510050,10:16:17.870,2.966,2000
20240207,SH.510050,10:16:16.212,2.966,900
20240207,SH.510050,10:16:19.071,2.966,1000
20240207,SH.510050,10:16:22.261,2.968,400
20240207,SH.510050,10:16:26.628,2.968,500
20240207,SH.510050,10:16:29.854,2.968,100
20240207,SH.510050,10:16:27.067,2.968,2500
20240207,SH.510050,10:16:29.661,2.969,5000
20240207,SH.510050,10:16:28.314,2.969,1200
20240207,SH.510050,10:16:27.972,2.969,3000
20240207,SH.510050,10:16:36.775,2.966,500
20240207,SH.510050,10:16:39.576,2.966,3000
20240207,SH.510050,10:16:44.655,2.966,100
20240207,SH.510050,10:16:45.397,2.968,1300
20240207,SH.510050,10:16:49.626,2.967,100
20240207,SH.510050,10:16:48.389,2.966,900
20240207,SH.510050,10:16:50.460,2.967,1000
20240207,SH.510050,10:16:49.899,2.966,100
20240207,SH.510050,10:16:52.489,2.967,300
20240207,SH.510050,10:16:55.212,2.966,3000
20240207,SH.510050,10:16:56.323,2.966,100
20240207,SH.510050,10:16:56.651,2.967,200
20240207,SH.510050,10:16:55.216,2.967,2500
20240207,SH.510050,10:16:58.053,2.967,1000
20240207,SH.510050,10:16:59.114,2.968,200
20240207,SH.510050,10:17:01.114,2.967,2000
20240207,SH.510050,10:17:02.755,2.968,300
20240207,SH.510050,10:17:04.169,2.969,2000
20240207,SH.510050,10:17:05.637,2.968,300
20240207,SH.510050,10:17:07.769,2.969,100
20240207,SH.510050,10:17:06.831,2.97,5000
20240207,SH.510050,10:17:08.333,2.97,800
20240207,SH.510050,10:17:08.035,2.97,200
20240207,SH.510050,10:17:10.854,2.97,200
20240207,SH.510050,10:17:11.294,2.969,100
20240207,SH.510050,10:17:14.858,2.97,1000
20240207,SH.510050,10:17:13.031,2.969,200
20240207,SH.510050,10:17:14.442,2.969,200
20240207,SH.510050,10:17:14.467,2.969,4000
20240207,SH.510050,10:17:17.242,2.968,100
20240207,SH.510050,10:17:21.541,2.967,900
20240207,SH.510050,10:17:23.743,2.968,400
20240207,SH.510050,10:17:25.481,2.967,300
20240207,SH.510050,10:17:27.887,2.968,1500
20240207,SH.510050,10:17:39.864,2.967,200
20240207,SH.510050,10:17:43.726,2.964,1200
20240207,SH.510050,10:17:47.995,2.965,1900
20240207,SH.510050,10:17:49.594,2.965,5000
20240207,SH.510050,10:17:53.904,2.965,600
20240207,SH.510050,10:17:55.698,2.963,600
20240207,SH.510050,10:17:59.113,2.965,2500
20240207,SH.510050,10:18:00.163,2.965,200
20240207,SH.510050,10:18:02.121,2.964,3400
20240207,SH.510050,10:18:04.932,2.962,400
20240207,SH.510050,10:18:08.922,2.963,1600
20240207,SH.510050,10:18:08.489,2.962,1500
20240207,SH.510050,10:18:08.585,2.962,200
20240207,SH.510050,10:18:07.446,2.963,100
20240207,SH.510050,10:18:10.557,2.964,1500
20240207,SH.510050,10:18:10.649,2.963,4000
20240207,SH.510050,10:18:09.161,2.963,200
20240207,SH.510050,10:18:09.879,2.964,2000
20240207,SH.510050,10:18:09.308,2.963,900
20240207,SH.510050,10:18:09.812,2.964,2000
20240207,SH.510050,10:18:10.587,2.963,200
20240207,SH.510050,10:18:13.834,2.964,300
20240207,SH.510050,10:18:12.780,2.964,300
20240207,SH.510050,10:18:12.469,2.964,200
20240207,SH.510050,10:18:20.615,2.965,400
20240207,SH.510050,10:18:21.377,2.966,300
20240207,SH.510050,10:18:26.169,2.964,200
20240207,SH.510050,10:18:25.797,2.965,5000
20240207,SH.510050,10:18:27.423,2.965,1000
20240207,SH.510050,10:18:28.538,2.966,1500
20240207,SH.510050,10:18:31.237,2.965,500
20240207,SH.510050,10:18:32.150,2.965,400
20240207,SH.510050,10:18:31.436,2.965,100
20240207,SH.510050,10:18:31.564,2.965,1200
20240207,SH.510050,10:18:30.428,2.966,100
20240207,SH.510050,10:18:33.579,2.963,4000
20240207,SH.510050,10:18:36.332,2.963,200
20240207,SH.510050,10:18:36.736,2.963,3000
20240207,SH.510050,10:18:41.385,2.962,2800
20240207,SH.510050,10:18:39.896,2.963,900
20240207,SH.510050,10:18:41.761,2.962,2000
20240207,SH.510050,10:18:44.055,2.962,1000
20240207,SH.510050,10:18:42.828,2.963,900
20240207,SH.510050,10:18:47.780,2.963,500
20240207,SH.510050,10:18:46.006,2.963,100
20240207,SH.510050,10:18:45.945,2.962,800
20240207,SH.510050,10:18:52.542,2.962,2500
20240207,SH.510050,10:18:59.351,2.961,2000
20240207,SH.510050,10:19:00.241,2.962,600
20240207,SH.510050,10:19:02.933,2.962,2000
20240207,SH.510050,10:19:04.621,2.962,400
20240207,SH.510050,10:19:04.832,2.962,1000
20240207,SH.510050,10:19:08.080,2.963,300
20240207,SH.510050,10:19:11.564,2.962,1500
20240207,SH.510050,10:19:10.883,2.962,700
20240207,SH.510050,10:19:13.747,2.961,100
20240207,SH.510050,10:19:15.264,2.962,5000
20240207,SH.510050,10:19:20.934,2.961,300
20240207,SH.510050,10:19:19.181,2.962,100
20240207,SH.510050,10:19:19.979,2.961,500
20240207,SH.510050,10:19:26.492,2.96,800
20240207,SH.510050,10:19:27.564,2.96,600
20240207,SH.510050,10:19:28.850,2.961,200
20240207,SH.510050,10:19:29.484,2.961,100
20240207,SH.510050,10:19:29.876,2.961,600
20240207,SH.510050,10:19:30.423,2.961,500
20240207,SH.510050,10:19:31.536,2.961,300
20240207,SH.510050,10:19:34.644,2.961,400
20240207,SH.510050,10:19:33.194,2.96,2000
20240207,SH.510050,10:19:36.251,2.961,1500
20240207,SH.510050,10:19:40.489,2.96,600
20240207,SH.510050,10:19:47.377,2.963,200
20240207,SH.510050,10:19:49.147,2.964,4000
20240207,SH.510050,10:19:53.297,2.965,300
20240207,SH.510050,10:19:53.384,2.966,5000
20240207,SH.510050,10:19:56.543,2.965,400
20240207,SH.510050,10:19:59.757,2.964,1800
20240207,SH.510050,10:19:57.165,2.964,800
20240207,SH.510050,10:20:00.955,2.965,600
20240207,SH.510050,10:20:04.808,2.965,300
20240207,SH.510050,10:20:04.019,2.965,600
20240207,SH.510050,10:20:04.400,2.966,600
20240207,SH.510050,10:20:05.652,2.965,500
20240207,SH.510050,10:20:05.251,2.965,300
20240207,SH.510050,10:20:07.205,2.965,800
20240207,SH.510050,10:20:06.171,2.964,3000
20240207,SH.510050,10:20:10.576,2.965,300
20240207,SH.510050,10:20:14.609,2.965,200
20240207,SH.510050,10:20:17.086,2.962,600
20240207,SH.510050,10:20:15.215,2.963,500
20240207,SH.510050,10:20:20.802,2.963,200
20240207,SH.510050,10:20:20.495,2.963,300
20240207,SH.510050,10:20:19.573,2.963,2000
20240207,SH.510050,10:20:20.353,2.963,400
20240207,SH.510050,10:20:21.359,2.962,500
20240207,SH.510050,10:20:23.956,2.962,1200
20240207,SH.510050,10:20:23.931,2.962,1000
20240207,SH.510050,10:20:22.923,2.961,300
20240207,SH.510050,10:20:26.306,2.961,600
20240207,SH.510050,10:20:24.127,2.961,100
20240207,SH.510050,10:20:25.962,2.962,1200
20240207,SH.510050,10:20:32.851,2.962,1500
20240207,SH.510050,10:20:33.325,2.963,300
20240207,SH.510050,10:20:33.818,2.963,200
20240207,SH.510050,10:20:37.867,2.962,100
20240207,SH.510050,10:20:41.809,2.963,600
20240207,SH.510050,10:20:40.315,2.963,400
20240207,SH.510050,10:20:39.572,2.962,100
20240207,SH.510050,10:20:39.816,2.963,100
20240207,SH.510050,10:20:44.593,2.962,100
20240207,SH.510050,10:20:43.149,2.963,500
20240207,SH.510050,10:20:44.738,2.962,200
20240207,SH.510050,10:20:44.784,2.963,2000
20240207,SH.510050,10:20:45.464,2.963,600
20240207,SH.510050,10:20:46.759,2.962,1200
20240207,SH.510050,10:20:53.897,2.96,400
20240207,SH.510050,10:20:53.929,2.961,1200
20240207,SH.510050,10:20:56.576,2.961,600
20240207,SH.510050,10:20:57.146,2.959,500
20240207,SH.510050,10:21:00.803,2.959,900
20240207,SH.510050,10:21:00.340,2.96,600
20240207,SH.510050,10:21:08.742,2.96,600
20240207,SH.510050,10:21:08.861,2.961,200
20240207,SH.510050,10:21:09.424,2.959,1000
20240207,SH.510050,10:21:11.163,2.96,100
20240207,SH.510050,10:21:14.175,2.959,1000
20240207,SH.510050,10:21:14.100,2.96,1000
20240207,SH.510050,10:21:15.386,2.961,400
20240207,SH.510050,10:21:18.110,2.96,1000
20240207,SH.510050,10:21:21.594,2.961,2000
20240207,SH.510050,10:21:23.007,2.961,600
20240207,SH.510050,10:21:21.939,2.961,1500
20240207,SH.510050,10:21:24.653,2.96,300
20240207,SH.510050,10:21:25.864,2.961,4000
20240207,SH.510050,10:21:25.085,2.96,5000
20240207,SH.510050,10:21:33.507,2.96,500
20240207,SH.510050,10:21:38.440,2.959,1300
20240207,SH.510050,10:21:39.947,2.959,400
20240207,SH.510050,10:21:41.013,2.958,4000
20240207,SH.510050,10:21:43.616,2.959,1300
20240207,SH.510050,10:21:47.563,2.96,1100
20240207,SH.510050,10:21:50.909,2.958,200
20240207,SH.510050,10:21:51.873,2.959,1200
20240207,SH.510050,10:21:52.931,2.959,500
20240207,SH.510050,10:21:53.555,2.96,1000
20240207,SH.510050,10:21:54.786,2.957,400
20240207,SH.510050,10:21:56.367,2.958,400
20240207,SH.510050,10:21:55.164,2.957,900
20240207,SH.510050,10:22:01.631,2.959,600
20240207,SH.510050,10:22:05.420,2.957,1000
20240207,SH.510050,10:22:04.221,2.958,200
20240207,SH.510050,10:22:05.265,2.957,2000
20240207,SH.510050,10:22:07.524,2.958,800
20240207,SH.510050,10:22:08.995,2.958,1500
20240207,SH.510050,10:22:08.645,2.959,900
20240207,SH.510050,10:22:11.437,2.958,600
20240207,SH.510050,10:22:11.868,2.959,800
20240207,SH.510050,10:22:12.182,2.958,1000
20240207,SH.510050,10:22:14.780,2.958,900
20240207,SH.510050,10:22:13.483,2.957,1200
20240207,SH.510050,10:22:13.223,2.957,1000
20240207,SH.510050,10:22:19.429,2.957,1800
20240207,SH.510050,10:22:19.894,2.957,600
20240207,SH.510050,10:22:21.480,2.955,300
20240207,SH.510050,10:22:23.319,2.954,600
20240207,SH.510050,10:22:26.004,2.955,1500
20240207,SH.510050,10:22:27.357,2.956,200
20240207,SH.510050,10:22:29.326,2.956,1000
20240207,SH.510050,10:22:31.290,2.955,1500
20240207,SH.510050,10:22:30.518,2.954,1000
20240207,SH.510050,10:22:35.135,2.956,3000
20240207,SH.510050,10:22:35.061,2.956,800
20240207,SH.510050,10:22:44.480,2.955,600
20240207,SH.510050,10:22:45.951,2.956,4000
20240207,SH.510050,10:22:45.953,2.955,1000
20240207,SH.510050,10:22:48.497,2.956,100
20240207,SH.510050,10:22:49.384,2.955,300
20240207,SH.510050,10:22:53.295,2.957,100
20240207,SH.510050,10:22:52.326,2.957,600
20240207,SH.510050,10:22:55.847,2.955,1000
20240207,SH.510050,10:22:58.182,2.956,100
20240207,SH.510050,10:22:57.934,2.957,200
20240207,SH.510050,10:23:02.952,2.956,100
20240207,SH.510050,10:23:03.444,2.955,1500
20240207,SH.510050,10:23:04.226,2.955,500
20240207,SH.510050,10:23:03.144,2.954,1000
20240207,SH.510050,10:23:07.431,2.954,1000
20240207,SH.510050,10:23:09.846,2.952,200
20240207,SH.510050,10:23:09.876,2.953,400
20240207,SH.510050,10:23:10.834,2.953,2000
20240207,SH.510050,10:23:10.647,2.953,100
20240207,SH.510050,10:23:11.787,2.953,600
20240207,SH.510050,10:23:13.560,2.952,1500
20240207,SH.510050,10:23:12.382,2.953,1000
20240207,SH.510050,10:23:19.090,2.955,3500
20240207,SH.510050,10:23:20.290,2.954,200
20240207,SH.510050,10:23:23.758,2.955,500
20240207,SH.510050,10:23:22.623,2.955,200
20240207,SH.510050,10:23:26.440,2.954,3000
20240207,SH.510050,10:23:24.310,2.954,2500
20240207,SH.510050,10:23:25.882,2.953,800
20240207,SH.510050,10:23:29.126,2.955,300
20240207,SH.510050,10:23:32.712,2.955,1200
20240207,SH.510050,10:23:30.594,2.954,300
20240207,SH.510050,10:23:34.020,2.953,1000
20240207,SH.510050,10:23:33.890,2.953,100
20240207,SH.510050,10:23:33.950,2.953,100
20240207,SH.510050,10:23:38.629,2.953,2200
20240207,SH.510050,10:23:41.509,2.951,200
20240207,SH.510050,10:23:41.515,2.951,900
20240207,SH.510050,10:23:41.528,2.951,600
20240207,SH.510050,10:23:43.290,2.951,1500
20240207,SH.510050,10:23:42.170,2.952,300
20240207,SH.510050,10:23:45.816,2.95,400
20240207,SH.510050,10:23:50.256,2.952,100
20240207,SH.510050,10:23:53.146,2.951,2500
20240207,SH.510050,10:23:56.581,2.953,100
20240207,SH.510050,10:23:54.677,2.953,4000
20240207,SH.510050,10:23:58.771,2.954,400
20240207,SH.510050,10:23:57.739,2.953,700
20240207,SH.510050,10:23:59.816,2.953,300
20240207,SH.510050,10:24:00.429,2.954,300
20240207,SH.510050,10:24:02.504,2.954,1500
20240207,SH.510050,10:24:00.164,2.954,200
20240207,SH.510050,10:24:04.807,2.954,1000
20240207,SH.510050,10:24:07.344,2.955,400
20240207,SH.510050,10:24:06.397,2.955,1500
20240207,SH.510050,10:24:10.342,2.955,500
20240207,SH.510050,10:24:11.368,2.955,2500
20240207,SH.510050,10:24:11.121,2.955,1500
20240207,SH.510050,10:24:12.988,2.957,600
20240207,SH.510050,10:24:12.307,2.957,600
20240207,SH.510050,10:24:15.698,2.957,2000
20240207,SH.510050,10:24:16.664,2.957,4100
20240207,SH.510050,10:24:20.035,2.956,600
20240207,SH.510050,10:24:23.080,2.957,600
20240207,SH.510050,10:24:26.122,2.956,1000
20240207,SH.510050,10:24:26.187,2.955,1000
20240207,SH.510050,10:24:26.178,2.956,700
20240207,SH.510050,10:24:28.302,2.957,1500
20240207,SH.510050,10:24:27.462,2.956,1200
20240207,SH.510050,10:24:30.997,2.957,4000
20240207,SH.510050,10:24:31.019,2.956,100
20240207,SH.510050,10:24:32.048,2.956,1500
20240207,SH.510050,10:24:37.753,2.956,300
20240207,SH.510050,10:24:37.972,2.956,300
20240207,SH.510050,10:24:39.945,2.955,900
20240207,SH.510050,10:24:41.838,2.954,800
20240207,SH.510050,10:24:41.792,2.955,300
20240207,SH.510050,10:24:40.005,2.954,100
20240207,SH.510050,10:24:44.334,2.955,4000
20240207,SH.510050,10:24:43.530,2.955,300
20240207,SH.510050,10:24:43.582,2.955,100
20240207,SH.510050,10:24:46.027,2.957,2400
20240207,SH.510050,10:24:45.036,2.957,100
20240207,SH.510050,10:24:48.664,2.957,500
20240207,SH.510050,10:24:48.193,2.957,200
20240207,SH.510050,10:24:50.407,2.956,1500
20240207,SH.510050,10:24:52.449,2.958,100
20240207,SH.510050,10:24:53.398,2.959,1500
20240207,SH.510050,10:24:52.708,2.958,5000
20240207,SH.510050,10:24:53.641,2.958,500
20240207,SH.510050,10:24:55.878,2.957,1000
20240207,SH.510050,10:24:57.845,2.956,300
20240207,SH.510050,10:24:57.068,2.956,600
20240207,SH.510050,10:25:02.011,2.955,1300
20240207,SH.510050,10:25:00.963,2.954,600
20240207,SH.510050,10:25:04.733,2.954,1000
20240207,SH.510050,10:25:03.340,2.954,200
20240207,SH.510050,10:25:07.266,2.954,200
20240207,SH.510050,10:25:07.987,2.953,600
20240207,SH.510050,10:25:08.817,2.953,100
20240207,SH.510050,10:25:10.020,2.954,300
20240207,SH.510050,10:25:09.024,2.953,1000
20240207,SH.510050,10:25:09.597,2.953,2100
20240207,SH.510050,10:25:12.858,2.952,300
20240207,SH.510050,10:25:17.803,2.954,600
20240207,SH.510050,10:25:16.153,2.953,4000
20240207,SH.510050,10:25:16.875,2.953,300
20240207,SH.510050,10:25:20.753,2.956,2600
20240207,SH.510050,10:25:23.223,2.956,200
20240207,SH.510050,10:25:22.133,2.957,100
20240207,SH.510050,10:25:23.922,2.957,1000
20240207,SH.510050,10:25:24.003,2.957,4000
20240207,SH.510050,10:25:30.533,2.954,800
20240207,SH.510050,10:25:31.805,2.955,2500
20240207,SH.510050,10:25:34.207,2.955,800
20240207,SH.510050,10:25:37.490,2.954,2000
20240207,SH.510050,10:25:46.032,2.957,300
20240207,SH.510050,10:25:53.315,2.956,200
20240207,SH.510050,10:25:52.142,2.956,2300
20240207,SH.510050,10:25:51.305,2.956,400
20240207,SH.510050,10:25:52.770,2.956,200
20240207,SH.510050,10:25:55.637,2.956,1000
20240207,SH.510050,10:26:01.903,2.957,2000
20240207,SH.510050,10:26:00.325,2.958,3000
20240207,SH.510050,10:26:02.004,2.957,3000
20240207,SH.510050,10:26:00.882,2.957,1400
20240207,SH.510050,10:26:03.428,2.957,800
20240207,SH.510050,10:26:03.063,2.957,2500
20240207,SH.510050,10:26:07.787,2.956,500
20240207,SH.510050,10:26:11.659,2.957,4000
20240207,SH.510050,10:26:09.937,2.957,500
20240207,SH.510050,10:26:11.813,2.957,400
20240207,SH.510050,10:26:09.752,2.956,2500
20240207,SH.510050,10:26:14.151,2.958,200
20240207,SH.510050,10:26:13.700,2.958,4000
20240207,SH.510050,10:26:15.361,2.957,200
20240207,SH.510050,10:26:15.416,2.958,100
20240207,SH.510050,10:26:17.139,2.958,200
20240207,SH.510050,10:26:23.302,2.956,3800
20240207,SH.510050,10:26:24.892,2.956,200
20240207,SH.510050,10:26:25.433,2.956,200
20240207,SH.510050,10:26:24.988,2.956,300
20240207,SH.510050,10:26:26.843,2.955,1200
20240207,SH.510050,10:26:27.890,2.955,500
20240207,SH.510050,10:26:28.665,2.955,200
20240207,SH.510050,10:26:32.984,2.956,300
20240207,SH.510050,10:26:31.106,2.956,300
20240207,SH.510050,10:26:30.898,2.956,1000
20240207,SH.510050,10:26:32.990,2.955,2000
20240207,SH.510050,10:26:33.475,2.955,1500
20240207,SH.510050,10:26:38.411,2.957,600
20240207,SH.510050,10:26:41.300,2.956,2000
20240207,SH.510050,10:26:40.426,2.956,500
20240207,SH.510050,10:26:40.839,2.956,300
20240207,SH.510050,10:26:43.135,2.958,600
20240207,SH.510050,10:26:43.083,2.957,1500
20240207,SH.510050,10:26:45.092,2.958,2100
20240207,SH.510050,10:26:50.163,2.956,800
20240207,SH.510050,10:26:48.761,2.955,200
20240207,SH.510050,10:26:52.380,2.953,1000
20240207,SH.510050,10:26:59.401,2.955,500
20240207,SH.510050,10:26:57.050,2.954,100
20240207,SH.510050,10:26:59.148,2.954,100
20240207,SH.510050,10:27:01.350,2.954,100
20240207,SH.510050,10:27:03.256,2.955,100
20240207,SH.510050,10:27:03.248,2.956,200
20240207,SH.510050,10:27:03.193,2.955,2000
20240207,SH.510050,10:27:04.441,2.956,300
20240207,SH.510050,10:27:08.838,2.956,1200
20240207,SH.510050,10:27:16.414,2.953,800
20240207,SH.510050,10:27:17.504,2.952,3000
20240207,SH.510050,10:27:19.939,2.953,4000
20240207,SH.510050,10:27:18.956,2.953,1000
20240207,SH.510050,10:27:18.914,2.954,3000
20240207,SH.510050,10:27:20.045,2.954,400
20240207,SH.510050,10:27:21.386,2.954,500
20240207,SH.510050,10:27:23.696,2.954,1000
20240207,SH.510050,10:27:26.062,2.953,1500
20240207,SH.510050,10:27:28.956,2.954,100
20240207,SH.510050,10:27:27.857,2.953,1200
20240207,SH.510050,10:27:28.927,2.954,300
20240207,SH.510050,10:27:35.002,2.954,5000
20240207,SH.510050,10:27:33.581,2.953,200
20240207,SH.510050,10:27:38.792,2.952,1000
20240207,SH.510050,10:27:40.385,2.952,1600
20240207,SH.510050,10:27:46.302,2.952,600
20240207,SH.510050,10:27:46.176,2.952,400
20240207,SH.510050,10:27:49.988,2.95,200
20240207,SH.510050,10:27:51.414,2.951,100
20240207,SH.510050,10:27:52.285,2.95,1900
20240207,SH.510050,10:27:51.452,2.95,400
20240207,SH.510050,10:27:54.242,2.95,600
20240207,SH.510050,10:27:59.958,2.949,600
20240207,SH.510050,10:27:59.199,2.949,1000
20240207,SH.510050,10:28:00.361,2.948,500
20240207,SH.510050,10:28:07.738,2.949,600
20240207,SH.510050,10:28:06.988,2.95,1000
20240207,SH.510050,10:28:09.651,2.951,500
20240207,SH.510050,10:28:17.618,2.951,400
20240207,SH.510050,10:28:15.557,2.951,900
20240207,SH.510050,10:28:20.154,2.951,300
20240207,SH.510050,10:28:20.426,2.951,400
20240207,SH.510050,10:28:22.271,2.951,300
20240207,SH.510050,10:28:21.426,2.951,500
20240207,SH.510050,10:28:21.776,2.951,1100
20240207,SH.510050,10:28:28.528,2.951,900
20240207,SH.510050,10:28:31.131,2.95,900
20240207,SH.510050,10:28:31.808,2.95,300
20240207,SH.510050,10:28:36.144,2.95,1000
20240207,SH.510050,10:28:40.500,2.951,800
20240207,SH.510050,10:28:43.860,2.95,600
20240207,SH.510050,10:28:43.379,2.95,1200
20240207,SH.510050,10:28:43.608,2.95,1500
20240207,SH.510050,10:28:47.206,2.951,4000
20240207,SH.510050,10:28:48.523,2.952,400
20240207,SH.510050,10:28:48.980,2.953,600
20240207,SH.510050,10:28:53.184,2.952,1000
20240207,SH.510050,10:28:51.422,2.951,800
20240207,SH.510050,10:28:53.776,2.951,1200
20240207,SH.510050,10:28:53.141,2.951,400
20240207,SH.510050,10:28:57.102,2.949,700
20240207,SH.510050,10:29:00.275,2.949,900
20240207,SH.510050,10:29:04.582,2.95,100
20240207,SH.510050,10:29:08.708,2.949,800
20240207,SH.510050,10:29:06.148,2.948,1000
20240207,SH.510050,10:29:10.340,2.948,400
20240207,SH.510050,10:29:09.138,2.948,1200
20240207,SH.510050,10:29:09.522,2.948,1000
20240207,SH.510050,10:29:14.980,2.947,400
20240207,SH.510050,10:29:17.648,2.948,600
20240207,SH.510050,10:29:18.653,2.948,400
20240207,SH.510050,10:29:19.185,2.947,100
20240207,SH.510050,10:29:18.371,2.947,2500
20240207,SH.510050,10:29:22.625,2.947,1500
20240207,SH.510050,10:29:23.848,2.948,2500
20240207,SH.510050,10:29:25.330,2.947,100
20240207,SH.510050,10:29:32.942,2.948,3000
20240207,SH.510050,10:29:34.523,2.949,900
20240207,SH.510050,10:29:37.901,2.949,600
20240207,SH.510050,10:29:38.826,2.949,200
20240207,SH.510050,10:29:38.688,2.948,700
20240207,SH.510050,10:29:41.623,2.949,2000
20240207,SH.510050,10:29:43.965,2.95,800
20240207,SH.510050,10:29:44.243,2.949,1000
20240207,SH.510050,10:29:46.860,2.949,1000
20240207,SH.510050,10:29:45.376,2.949,1000
20240207,SH.510050,10:29:46.189,2.949,800
20240207,SH.510050,10:29:47.101,2.95,4000
20240207,SH.510050,10:29:53.971,2.951,200
20240207,SH.510050,10:29:52.995,2.95,800
20240207,SH.510050,10:29:52.503,2.951,100
20240207,SH.510050,10:29:56.942,2.951,600
20240207,SH.510050,10:29:57.668,2.951,500
20240207,SH.510050,10:29:59.935,2.951,200
20240207,SH.510050,10:29:58.676,2.951,500
20240207,SH.510050,10:30:00.161,2.953,4000
20240207,SH.510050,10:30:02.460,2.954,700
20240207,SH.510050,10:30:05.172,2.952,2900
20240207,SH.510050,10:30:06.532,2.953,900
20240207,SH.510050,10:30:07.002,2.952,2000
20240207,SH.510050,10:30:09.797,2.951,600
20240207,SH.510050,10:30:10.838,2.951,200
20240207,SH.510050,10:30:11.158,2.951,200
20240207,SH.510050,10:30:11.291,2.951,1500
20240207,SH.510050,10:30:12.528,2.95,100
20240207,SH.510050,10:30:14.933,2.95,500
20240207,SH.510050,10:30:13.442,2.949,1500
20240207,SH.510050,10:30:15.387,2.949,100
20240207,SH.510050,10:30:15.788,2.948,300
20240207,SH.510050,10:30:19.681,2.951,900
20240207,SH.510050,10:30:21.070,2.952,1200
20240207,SH.510050,10:30:21.102,2.952,2500
20240207,SH.510050,10:30:23.465,2.951,2000
20240207,SH.510050,10:30:25.183,2.952,500
20240207,SH.510050,10:30:25.093,2.953,300
20240207,SH.510050,10:30:28.492,2.951,200
20240207,SH.510050,10:30:28.726,2.951,1500
20240207,SH.510050,10:30:27.022,2.952,1500
20240207,SH.510050,10:30:28.029,2.951,1200
20240207,SH.510050,10:30:29.517,2.952,1000
20240207,SH.510050,10:30:27.087,2.952,400
20240207,SH.510050,10:30:30.420,2.951,2500
20240207,SH.510050,10:30:30.707,2.952,2500
20240207,SH.510050,10:30:31.000,2.952,600
20240207,SH.510050,10:30:38.136,2.952,1000
20240207,SH.510050,10:30:38.836,2.953,700
20240207,SH.510050,10:30:40.751,2.953,100
20240207,SH.510050,10:30:42.351,2.952,600
20240207,SH.510050,10:30:44.829,2.952,100
20240207,SH.510050,10:30:46.841,2.953,100
20240207,SH.510050,10:30:47.128,2.953,300
20240207,SH.510050,10:30:47.098,2.952,900
20240207,SH.510050,10:30:45.444,2.953,300
20240207,SH.510050,10:30:50.300,2.953,200
20240207,SH.510050,10:30:50.703,2.952,200
20240207,SH.510050,10:30:50.061,2.952,4000
20240207,SH.510050,10:30:52.733,2.951,1500
20240207,SH.510050,10:30:52.467,2.952,200
20240207,SH.510050,10:30:56.487,2.954,2000
20240207,SH.510050,10:30:56.303,2.953,1800
20240207,SH.510050,10:30:59.698,2.954,1200
20240207,SH.510050,10:31:00.640,2.953,1000
20240207,SH.510050,10:31:01.952,2.952,3000
20240207,SH.510050,10:31:00.083,2.953,2500
20240207,SH.510050,10:31:04.945,2.951,1200
20240207,SH.510050,10:31:04.610,2.951,5000
20240207,SH.510050,10:31:05.761,2.951,100
20240207,SH.510050,10:31:06.363,2.953,500
20240207,SH.510050,10:31:08.416,2.952,2500
20240207,SH.510050,10:31:09.835,2.952,2000
20240207,SH.510050,10:31:12.491,2.951,200
20240207,SH.510050,10:31:14.773,2.951,200
20240207,SH.510050,10:31:12.745,2.951,100
20240207,SH.510050,10:31:16.639,2.952,5000
20240207,SH.510050,10:31:16.295,2.952,500
20240207,SH.510050,10:31:19.542,2.95,1200
20240207,SH.510050,10:31:20.224,2.95,200
20240207,SH.510050,10:31:19.926,2.95,400
20240207,SH.510050,10:31:19.527,2.951,2000
20240207,SH.510050,10:31:18.494,2.95,600
20240207,SH.510050,10:31:21.008,2.949,300
20240207,SH.510050,10:31:23.925,2.949,500
20240207,SH.510050,10:31:25.976,2.951,1500
20240207,SH.510050,10:31:25.824,2.95,3000
20240207,SH.510050,10:31:29.746,2.952,5000
20240207,SH.510050,10:31:28.604,2.951,1900
20240207,SH.510050,10:31:27.770,2.952,600
20240207,SH.510050,10:31:30.558,2.953,4000
20240207,SH.510050,10:31:30.747,2.953,1200
20240207,SH.510050,10:31:32.461,2.953,100
20240207,SH.510050,10:31:35.162,2.952,2500
20240207,SH.510050,10:31:34.132,2.951,3000
20240207,SH.510050,10:31:38.624,2.952,200
20240207,SH.510050,10:31:45.846,2.949,900
20240207,SH.510050,10:31:46.764,2.949,100
20240207,SH.510050,10:31:52.437,2.949,400
20240207,SH.510050,10:31:53.359,2.948,300
20240207,SH.510050,10:31:51.359,2.948,200
20240207,SH.510050,10:31:51.783,2.948,100
20240207,SH.510050,10:31:55.493,2.948,100
20240207,SH.510050,10:31:59.513,2.948,100
20240207,SH.510050,10:31:59.610,2.948,1100
20240207,SH.510050,10:31:59.616,2.947,2300
20240207,SH.510050,10:32:02.726,2.948,4000
20240207,SH.510050,10:32:01.153,2.947,200
20240207,SH.510050,10:32:00.218,2.947,2000
20240207,SH.510050,10:32:11.985,2.947,5000
20240207,SH.510050,10:32:10.499,2.947,300
20240207,SH.510050,10:32:09.552,2.946,400
20240207,SH.510050,10:32:13.796,2.948,5000
20240207,SH.510050,10:32:12.295,2.947,100
20240207,SH.510050,10:32:22.234,2.947,400
20240207,SH.510050,10:32:23.579,2.947,100
20240207,SH.510050,10:32:22.066,2.947,2000
20240207,SH.510050,10:32:24.914,2.947,400
20240207,SH.510050,10:32:25.431,2.947,100
20240207,SH.510050,10:32:24.025,2.947,2500
20240207,SH.510050,10:32:25.395,2.948,1500
20240207,SH.510050,10:32:28.557,2.949,1200
20240207,SH.510050,10:32:31.495,2.947,500
20240207,SH.510050,10:32:34.673,2.947,400
20240207,SH.510050,10:32:38.091,2.947,100
20240207,SH.510050,10:32:37.363,2.947,1700
20240207,SH.510050,10:32:40.894,2.946,2000
20240207,SH.510050,10:32:41.411,2.947,3000
20240207,SH.510050,10:32:42.409,2.948,4000
20240207,SH.510050,10:32:44.030,2.947,2500
20240207,SH.510050,10:32:43.697,2.948,100
20240207,SH.510050,10:32:42.422,2.947,1200
20240207,SH.510050,10:32:47.660,2.947,300
20240207,SH.510050,10:32:47.188,2.947,1000
20240207,SH.510050,10:32:50.892,2.946,100
20240207,SH.510050,10:32:49.209,2.947,500
20240207,SH.510050,10:32:53.996,2.945,500
20240207,SH.510050,10:32:56.901,2.944,400
20240207,SH.510050,10:32:55.866,2.945,500
20240207,SH.510050,10:32:58.877,2.945,300
20240207,SH.510050,10:32:59.230,2.946,2000
20240207,SH.510050,10:32:59.608,2.945,500
20240207,SH.510050,10:33:10.749,2.945,500
20240207,SH.510050,10:33:10.941,2.945,100
20240207,SH.510050,10:33:11.728,2.945,600
20240207,SH.510050,10:33:17.253,2.946,200
20240207,SH.510050,10:33:20.001,2.946,500
20240207,SH.510050,10:33:20.511,2.947,300
20240207,SH.510050,10:33:23.404,2.945,300
20240207,SH.510050,10:33:24.736,2.944,1000
20240207,SH.510050,10:33:26.289,2.945,4000
20240207,SH.510050,10:33:30.683,2.943,200
20240207,SH.510050,10:33:33.941,2.942,300
20240207,SH.510050,10:33:33.189,2.941,4000
20240207,SH.510050,10:33:34.517,2.942,100
20240207,SH.510050,10:33:33.906,2.942,100
20240207,SH.510050,10:33:38.291,2.942,500
20240207,SH.510050,10:33:37.015,2.943,1200
20240207,SH.510050,10:33:41.718,2.942,1000
20240207,SH.510050,10:33:39.948,2.942,900
20240207,SH.510050,10:33:44.593,2.943,2500
20240207,SH.510050,10:33:43.049,2.943,400
20240207,SH.510050,10:33:46.124,2.943,200
20240207,SH.510050,10:33:46.962,2.943,1000
20240207,SH.510050,10:33:46.548,2.943,100
20240207,SH.510050,10:33:48.233,2.944,300
20240207,SH.510050,10:33:50.192,2.943,500
20240207,SH.510050,10:33:51.419,2.942,3400
20240207,SH.510050,10:33:51.367,2.943,100
20240207,SH.510050,10:33:55.218,2.944,200
20240207,SH.510050,10:34:01.490,2.944,1200
20240207,SH.510050,10:34:01.935,2.945,200
20240207,SH.510050,10:34:02.170,2.944,100
20240207,SH.510050,10:34:05.820,2.944,200
20240207,SH.510050,10:34:05.818,2.944,500
20240207,SH.510050,10:34:05.080,2.945,500
20240207,SH.510050,10:34:11.210,2.941,800
20240207,SH.510050,10:34:11.227,2.942,1500
20240207,SH.510050,10:34:15.272,2.942,4000
20240207,SH.510050,10:34:17.617,2.942,200
20240207,SH.510050,10:34:19.590,2.942,5000
20240207,SH.510050,10:34:22.093,2.943,700
20240207,SH.510050,10:34:22.264,2.944,4000
20240207,SH.510050,10:34:23.882,2.944,2000
20240207,SH.510050,10:34:25.132,2.945,1500
20240207,SH.510050,10:34:27.408,2.946,600
20240207,SH.510050,10:34:30.213,2.947,5000
20240207,SH.510050,10:34:31.927,2.948,200
20240207,SH.510050,10:34:35.469,2.948,2000
20240207,SH.510050,10:34:41.802,2.95,200
20240207,SH.510050,10:34:41.761,2.95,1200
20240207,SH.510050,10:34:40.457,2.951,1000
20240207,SH.510050,10:34:42.030,2.951,300
20240207,SH.510050,10:34:46.955,2.953,1000
20240207,SH.510050,10:34:50.316,2.954,700
20240207,SH.510050,10:34:51.382,2.954,500
20240207,SH.510050,10:35:01.310,2.956,600
20240207,SH.510050,10:35:03.506,2.955,500
20240207,SH.510050,10:35:05.761,2.955,3500
20240207,SH.510050,10:35:07.936,2.955,2500
20240207,SH.510050,10:35:07.695,2.956,2700
20240207,SH.510050,10:35:10.326,2.953,600
20240207,SH.510050,10:35:11.582,2.954,200
20240207,SH.510050,10:35:12.314,2.954,3000
20240207,SH.510050,10:35:13.577,2.953,300
20240207,SH.510050,10:35:16.396,2.954,200
20240207,SH.510050,10:35:16.686,2.954,4000
20240207,SH.510050,10:35:20.654,2.954,5000
20240207,SH.510050,10:35:22.568,2.955,100
20240207,SH.510050,10:35:21.754,2.955,1200
20240207,SH.510050,10:35:22.094,2.954,1500
20240207,SH.510050,10:35:23.846,2.955,2000
20240207,SH.510050,10:35:23.202,2.954,200
20240207,SH.510050,10:35:25.492,2.954,2500
20240207,SH.510050,10:35:24.444,2.953,2500
20240207,SH.510050,10:35:26.527,2.954,1500
20240207,SH.510050,10:35:28.008,2.952,2300
20240207,SH.510050,10:35:27.228,2.952,1700
20240207,SH.510050,10:35:28.774,2.952,100
20240207,SH.510050,10:35:28.044,2.952,100
20240207,SH.510050,10:35:31.896,2.952,2000
20240207,SH.510050,10:35:32.528,2.951,500
20240207,SH.510050,10:35:33.572,2.953,400
20240207,SH.510050,10:35:35.311,2.953,2000
20240207,SH.510050,10:35:34.178,2.953,100
20240207,SH.510050,10:35:37.661,2.952,400
20240207,SH.510050,10:35:39.599,2.953,200
20240207,SH.510050,10:35:40.179,2.953,3000
20240207,SH.510050,10:35:42.220,2.953,1000
20240207,SH.510050,10:35:47.248,2.954,5000
20240207,SH.510050,10:35:49.192,2.953,3000
20240207,SH.510050,10:35:50.979,2.953,900
20240207,SH.510050,10:35:53.610,2.953,1500
20240207,SH.510050,10:35:55.507,2.952,300
20240207,SH.510050,10:35:54.473,2.952,1300
20240207,SH.510050,10:35:59.821,2.952,1000
20240207,SH.510050,10:35:58.144,2.953,300
20240207,SH.510050,10:35:58.328,2.953,600
20240207,SH.510050,10:35:59.745,2.953,500
20240207,SH.510050,10:35:59.799,2.953,200
20240207,SH.510050,10:36:01.817,2.954,100
20240207,SH.510050,10:36:06.464,2.955,1200
20240207,SH.510050,10:36:07.585,2.955,2000
20240207,SH.510050,10:36:08.751,2.955,3000
20240207,SH.510050,10:36:08.627,2.954,3000
20240207,SH.510050,10:36:11.087,2.955,2000
20240207,SH.510050,10:36:13.895,2.954,4000
20240207,SH.510050,10:36:17.411,2.954,200
20240207,SH.510050,10:36:20.252,2.952,1200
20240207,SH.510050,10:36:20.204,2.952,400
20240207,SH.510050,10:36:19.848,2.952,1500
20240207,SH.510050,10:36:26.794,2.954,1000
20240207,SH.510050,10:36:24.783,2.954,2000
20240207,SH.510050,10:36:25.058,2.954,300
20240207,SH.510050,10:36:24.004,2.954,400
20240207,SH.510050,10:36:27.216,2.954,500
20240207,SH.510050,10:36:31.455,2.954,300
20240207,SH.510050,10:36:30.526,2.953,200
20240207,SH.510050,10:36:33.928,2.953,100
20240207,SH.510050,10:36:33.396,2.953,800
20240207,SH.510050,10:36:35.684,2.954,1500
20240207,SH.510050,10:36:37.206,2.955,1500
20240207,SH.510050,10:36:37.820,2.955,1500
20240207,SH.510050,10:36:40.363,2.954,1200
20240207,SH.510050,10:36:41.226,2.955,1500
20240207,SH.510050,10:36:53.948,2.954,100
20240207,SH.510050,10:36:55.237,2.955,1500
20240207,SH.510050,10:36:54.036,2.955,5000
20240207,SH.510050,10:36:54.567,2.955,300
20240207,SH.510050,10:36:57.494,2.957,900
20240207,SH.510050,10:37:00.581,2.958,800
20240207,SH.510050,10:37:01.355,2.957,2000
20240207,SH.510050,10:37:08.962,2.956,3000
20240207,SH.510050,10:37:08.744,2.956,500
20240207,SH.510050,10:37:08.802,2.955,400
20240207,SH.510050,10:37:06.400,2.955,2000
20240207,SH.510050,10:37:06.505,2.955,1500
20240207,SH.510050,10:37:10.473,2.955,900
20240207,SH.510050,10:37:16.694,2.954,100
20240207,SH.510050,10:37:16.494,2.954,3000
20240207,SH.510050,10:37:18.801,2.955,500
20240207,SH.510050,10:37:21.388,2.954,3000
20240207,SH.510050,10:37:23.563,2.954,5000
20240207,SH.510050,10:37:24.702,2.955,100
20240207,SH.510050,10:37:25.655,2.954,1000
20240207,SH.510050,10:37:28.699,2.955,100
20240207,SH.510050,10:37:28.578,2.956,100
20240207,SH.510050,10:37:34.239,2.958,500
20240207,SH.510050,10:37:36.129,2.958,1100
20240207,SH.510050,10:37:40.510,2.96,500
20240207,SH.510050,10:37:40.368,2.96,200
20240207,SH.510050,10:37:42.665,2.961,1500
20240207,SH.510050,10:37:43.356,2.96,1000
20240207,SH.510050,10:37:43.389,2.96,100
20240207,SH.510050,10:37:47.048,2.961,1000
20240207,SH.510050,10:37:48.833,2.962,1200
20240207,SH.510050,10:37:50.092,2.962,1000
20240207,SH.510050,10:37:49.521,2.961,1500
20240207,SH.510050,10:37:51.546,2.961,400
20240207,SH.510050,10:37:56.046,2.961,2000
20240207,SH.510050,10:37:56.388,2.961,600
20240207,SH.510050,10:37:54.001,2.961,1000
20240207,SH.510050,10:37:55.314,2.961,2000
20240207,SH.510050,10:37:58.352,2.961,600
20240207,SH.510050,10:38:02.096,2.962,300
20240207,SH.510050,10:38:03.662,2.963,3000
20240207,SH.510050,10:38:06.707,2.962,500
20240207,SH.510050,10:38:09.288,2.963,1500
20240207,SH.510050,10:38:17.764,2.964,100
20240207,SH.510050,10:38:15.416,2.963,1200
20240207,SH.510050,10:38:18.195,2.963,1200
20240207,SH.510050,10:38:19.381,2.962,300
20240207,SH.510050,10:38:24.135,2.963,2000
20240207,SH.510050,10:38:25.645,2.964,1300
20240207,SH.510050,10:38:26.886,2.963,1500
20240207,SH.510050,10:38:26.499,2.963,300
20240207,SH.510050,10:38:28.188,2.963,500
20240207,SH.510050,10:38:28.918,2.962,1000
20240207,SH.510050,10:38:30.657,2.961,3000
20240207,SH.510050,10:38:31.626,2.961,1200
20240207,SH.510050,10:38:34.847,2.959,200
20240207,SH.510050,10:38:37.378,2.96,1900
20240207,SH.510050,10:38:44.349,2.959,800
20240207,SH.510050,10:38:47.072,2.959,700
20240207,SH.510050,10:38:50.509,2.957,400
20240207,SH.510050,10:38:48.819,2.958,100
20240207,SH.510050,10:38:49.326,2.957,1000
20240207,SH.510050,10:38:48.720,2.958,3300
20240207,SH.510050,10:38:52.951,2.956,2500
20240207,SH.510050,10:38:53.899,2.956,2700
20240207,SH.510050,10:38:53.003,2.956,1500
20240207,SH.510050,10:38:54.197,2.956,300
20240207,SH.510050,10:38:54.667,2.955,2000
20240207,SH.510050,10:38:56.015,2.956,1200
20240207,SH.510050,10:38:58.213,2.956,300
20240207,SH.510050,10:38:59.066,2.956,400
20240207,SH.510050,10:38:59.898,2.956,200
20240207,SH.510050,10:39:00.787,2.956,600
20240207,SH.510050,10:39:08.476,2.955,1200
20240207,SH.510050,10:39:08.488,2.954,500
20240207,SH.510050,10:39:07.764,2.954,1900
20240207,SH.510050,10:39:07.836,2.954,400
20240207,SH.510050,10:39:11.699,2.952,200
20240207,SH.510050,10:39:14.514,2.954,100
20240207,SH.510050,10:39:14.083,2.954,200
20240207,SH.510050,10:39:15.290,2.954,100
20240207,SH.510050,10:39:23.974,2.956,1500
20240207,SH.510050,10:39:21.402,2.955,300
20240207,SH.510050,10:39:24.726,2.958,1500
20240207,SH.510050,10:39:28.362,2.956,1100
20240207,SH.510050,10:39:28.554,2.957,4000
20240207,SH.510050,10:39:33.440,2.956,300
20240207,SH.510050,10:39:35.567,2.955,1000
20240207,SH.510050,10:39:34.150,2.955,500
20240207,SH.510050,10:39:34.811,2.956,1500
20240207,SH.510050,10:39:38.403,2.958,5000
20240207,SH.510050,10:39:37.248,2.958,200
20240207,SH.510050,10:39:39.003,2.957,1000
20240207,SH.510050,10:39:49.546,2.957,500
20240207,SH.510050,10:39:51.146,2.955,200
20240207,SH.510050,10:39:55.684,2.956,100
20240207,SH.510050,10:39:55.222,2.957,300
20240207,SH.510050,10:39:54.132,2.957,600
20240207,SH.510050,10:39:56.169,2.956,400
20240207,SH.510050,10:39:59.350,2.957,1500
20240207,SH.510050,10:40:01.822,2.957,600
20240207,SH.510050,10:40:05.479,2.957,100
20240207,SH.510050,10:40:10.605,2.958,200
20240207,SH.510050,10:40:09.308,2.957,200
20240207,SH.510050,10:40:11.704,2.958,800
20240207,SH.510050,10:40:10.706,2.957,1500
20240207,SH.510050,10:40:14.255,2.958,300
20240207,SH.510050,10:40:14.363,2.958,1000
20240207,SH.510050,10:40:16.202,2.957,100
20240207,SH.510050,10:40:17.257,2.958,5000
20240207,SH.510050,10:40:15.381,2.957,1800
20240207,SH.510050,10:40:17.834,2.957,2000
20240207,SH.510050,10:40:16.471,2.957,1500
20240207,SH.510050,10:40:15.701,2.958,300
20240207,SH.510050,10:40:19.785,2.959,4000
20240207,SH.510050,10:40:24.014,2.958,5000
20240207,SH.510050,10:40:25.688,2.957,2500
