date,symbol,time_str,price,quantity
20240207,SH.510050,09:30:00.762,2.95,1500
20240207,SH.510050,09:30:02.293,2.951,400
20240207,SH.510050,09:30:02.868,2.951,1000
20240207,SH.510050,09:30:04.959,2.95,900
20240207,SH.510050,09:30:06.738,2.95,200
20240207,SH.510050,09:30:11.373,2.949,1200
20240207,SH.510050,09:30:09.712,2.95,1000
20240207,SH.510050,09:30:11.713,2.949,1000
20240207,SH.510050,09:30:13.567,2.951,3500
20240207,SH.510050,09:30:12.328,2.951,100
20240207,SH.510050,09:30:12.942,2.951,300
20240207,SH.510050,09:30:16.576,2.95,1000
20240207,SH.510050,09:30:19.728,2.95,1000
20240207,SH.510050,09:30:22.751,2.951,1500
20240207,SH.510050,09:30:24.361,2.951,800
20240207,SH.510050,09:30:28.027,2.952,3000
20240207,SH.510050,09:30:30.695,2.953,2000
20240207,SH.510050,09:30:31.549,2.952,200
20240207,SH.510050,09:30:30.981,2.952,200
20240207,SH.510050,09:30:34.618,2.952,1200
20240207,SH.510050,09:30:34.872,2.951,1500
20240207,SH.510050,09:30:36.341,2.952,1500
20240207,SH.510050,09:30:47.111,2.953,200
20240207,SH.510050,09:30:45.402,2.954,1000
20240207,SH.510050,09:30:50.249,2.955,500
20240207,SH.510050,09:30:52.607,2.954,1500
20240207,SH.510050,09:30:56.960,2.955,100
20240207,SH.510050,09:30:56.965,2.955,1000
20240207,SH.510050,09:31:00.151,2.953,500
20240207,SH.510050,09:31:00.056,2.952,1500
20240207,SH.510050,09:31:04.600,2.952,900
20240207,SH.510050,09:31:07.973,2.954,1000
20240207,SH.510050,09:31:08.367,2.953,2000
20240207,SH.510050,09:31:11.576,2.953,1500
20240207,SH.510050,09:31:15.569,2.952,500
20240207,SH.510050,09:31:15.243,2.951,800
20240207,SH.510050,09:31:19.100,2.951,100
20240207,SH.510050,09:31:21.964,2.953,2500
20240207,SH.510050,09:31:21.994,2.952,900
20240207,SH.510050,09:31:22.435,2.953,500
20240207,SH.510050,09:31:27.388,2.953,600
20240207,SH.510050,09:31:27.908,2.953,200
20240207,SH.510050,09:31:31.873,2.953,600
20240207,SH.510050,09:31:36.473,2.955,100
20240207,SH.510050,09:31:41.549,2.953,300
20240207,SH.510050,09:31:44.452,2.952,800
20240207,SH.510050,09:31:44.979,2.951,300
20240207,SH.510050,09:31:45.715,2.951,400
20240207,SH.510050,09:31:48.405,2.953,400
20240207,SH.510050,09:31:51.454,2.953,700
20240207,SH.510050,09:31:55.353,2.952,300
20240207,SH.510050,09:31:54.402,2.951,200
20240207,SH.510050,09:31:54.094,2.951,800
20240207,SH.510050,09:31:57.546,2.953,1000
20240207,SH.510050,09:32:00.223,2.952,100
20240207,SH.510050,09:32:07.232,2.953,5000
20240207,SH.510050,09:32:11.862,2.954,2000
20240207,SH.510050,09:32:09.395,2.953,200
20240207,SH.510050,09:32:09.625,2.953,4000
20240207,SH.510050,09:32:16.570,2.956,600
20240207,SH.510050,09:32:18.407,2.955,600
20240207,SH.510050,09:32:18.076,2.956,600
20240207,SH.510050,09:32:23.365,2.953,4000
20240207,SH.510050,09:32:23.724,2.954,200
20240207,SH.510050,09:32:28.553,2.953,4000
20240207,SH.510050,09:32:30.753,2.954,800
20240207,SH.510050,09:32:35.952,2.955,2500
20240207,SH.510050,09:32:35.728,2.955,600
20240207,SH.510050,09:32:33.708,2.956,900
20240207,SH.510050,09:32:34.356,2.955,500
20240207,SH.510050,09:32:38.868,2.955,300
20240207,SH.510050,09:32:41.342,2.955,100
20240207,SH.510050,09:32:43.270,2.955,1000
20240207,SH.510050,09:32:44.552,2.954,400
20240207,SH.510050,09:32:47.421,2.954,1000
20240207,SH.510050,09:32:49.263,2.955,1500
20240207,SH.510050,09:32:49.944,2.954,1000
20240207,SH.510050,09:32:53.549,2.954,4000
20240207,SH.510050,09:32:54.943,2.954,100
20240207,SH.510050,09:32:55.720,2.954,1000
20240207,SH.510050,09:32:55.656,2.953,100
20240207,SH.510050,09:32:58.510,2.952,5000
20240207,SH.510050,09:32:58.281,2.952,900
20240207,SH.510050,09:32:58.840,2.952,900
20240207,SH.510050,09:33:02.516,2.954,1100
20240207,SH.510050,09:33:00.116,2.953,400
20240207,SH.510050,09:33:02.155,2.953,500
20240207,SH.510050,09:33:01.911,2.954,600
20240207,SH.510050,09:33:02.675,2.953,100
20240207,SH.510050,09:33:00.412,2.953,100
20240207,SH.510050,09:33:05.542,2.953,600
20240207,SH.510050,09:33:05.714,2.953,2500
20240207,SH.510050,09:33:08.540,2.952,300
20240207,SH.510050,09:33:07.890,2.951,600
20240207,SH.510050,09:33:09.393,2.952,3000
20240207,SH.510050,09:33:09.880,2.952,2000
20240207,SH.510050,09:33:13.800,2.952,100
20240207,SH.510050,09:33:12.371,2.953,600
20240207,SH.510050,09:33:12.471,2.953,2000
20240207,SH.510050,09:33:14.017,2.952,400
20240207,SH.510050,09:33:12.111,2.952,600
20240207,SH.510050,09:33:16.644,2.954,3000
20240207,SH.510050,09:33:20.441,2.951,300
20240207,SH.510050,09:33:18.493,2.952,1500
20240207,SH.510050,09:33:21.525,2.95,300
20240207,SH.510050,09:33:25.671,2.95,1000
20240207,SH.510050,09:33:25.819,2.95,900
20240207,SH.510050,09:33:25.699,2.95,700
20240207,SH.510050,09:33:29.610,2.951,5000
20240207,SH.510050,09:33:30.635,2.95,200
20240207,SH.510050,09:33:30.367,2.95,600
20240207,SH.510050,09:33:32.036,2.951,800
20240207,SH.510050,09:33:36.488,2.952,300
20240207,SH.510050,09:33:37.446,2.951,500
20240207,SH.510050,09:33:39.363,2.952,2500
20240207,SH.510050,09:33:39.567,2.953,500
20240207,SH.510050,09:33:44.895,2.953,400
20240207,SH.510050,09:33:47.390,2.954,4000
20240207,SH.510050,09:33:47.186,2.953,700
20240207,SH.510050,09:33:49.009,2.954,100
20240207,SH.510050,09:33:50.877,2.954,1200
20240207,SH.510050,09:33:52.956,2.954,1000
20240207,SH.510050,09:33:54.366,2.954,2000
20240207,SH.510050,09:33:59.427,2.954,300
20240207,SH.510050,09:34:00.149,2.953,400
20240207,SH.510050,09:34:02.002,2.953,3800
20240207,SH.510050,09:34:05.022,2.952,1500
20240207,SH.510050,09:34:08.042,2.954,200
20240207,SH.510050,09:34:09.642,2.952,4000
20240207,SH.510050,09:34:12.280,2.952,1500
20240207,SH.510050,09:34:15.747,2.949,1500
20240207,SH.510050,09:34:15.171,2.949,300
20240207,SH.510050,09:34:15.697,2.949,800
20240207,SH.510050,09:34:20.331,2.948,2500
20240207,SH.510050,09:34:18.858,2.948,300
20240207,SH.510050,09:34:19.756,2.948,300
20240207,SH.510050,09:34:20.534,2.948,2000
20240207,SH.510050,09:34:21.650,2.946,3200
20240207,SH.510050,09:34:22.134,2.946,500
20240207,SH.510050,09:34:27.617,2.944,200
20240207,SH.510050,09:34:29.454,2.943,2600
20240207,SH.510050,09:34:28.971,2.944,800
20240207,SH.510050,09:34:28.691,2.944,200
20240207,SH.510050,09:34:30.340,2.942,100
20240207,SH.510050,09:34:33.983,2.941,600
20240207,SH.510050,09:34:33.457,2.941,1500
20240207,SH.510050,09:34:33.299,2.941,1100
20240207,SH.510050,09:34:35.746,2.94,1000
20240207,SH.510050,09:34:38.958,2.939,700
20240207,SH.510050,09:34:36.268,2.94,300
20240207,SH.510050,09:34:38.913,2.94,100
20240207,SH.510050,09:34:36.597,2.939,300
20240207,SH.510050,09:34:36.303,2.939,500
20240207,SH.510050,09:34:41.404,2.939,2000
20240207,SH.510050,09:34:39.187,2.939,1500
20240207,SH.510050,09:34:41.460,2.939,100
20240207,SH.510050,09:34:41.974,2.939,2000
20240207,SH.510050,09:34:44.967,2.94,400
20240207,SH.510050,09:34:42.963,2.94,1600
20240207,SH.510050,09:34:49.244,2.942,600
20240207,SH.510050,09:34:49.254,2.942,500
20240207,SH.510050,09:34:52.037,2.94,800
20240207,SH.510050,09:34:59.248,2.942,1500
20240207,SH.510050,09:34:59.462,2.943,600
20240207,SH.510050,09:35:01.933,2.942,900
20240207,SH.510050,09:35:00.166,2.942,100
20240207,SH.510050,09:35:01.466,2.942,400
20240207,SH.510050,09:35:02.408,2.943,5000
20240207,SH.510050,09:35:03.879,2.943,1200
20240207,SH.510050,09:35:04.895,2.942,900
20240207,SH.510050,09:35:08.913,2.944,1000
20240207,SH.510050,09:35:11.076,2.944,1500
20240207,SH.510050,09:35:14.775,2.945,600
20240207,SH.510050,09:35:17.274,2.945,400
20240207,SH.510050,09:35:18.573,2.944,3000
20240207,SH.510050,09:35:18.960,2.944,500
20240207,SH.510050,09:35:21.253,2.946,1500
20240207,SH.510050,09:35:22.020,2.945,500
20240207,SH.510050,09:35:22.546,2.946,300
20240207,SH.510050,09:35:27.572,2.947,1500
20240207,SH.510050,09:35:31.722,2.946,5000
20240207,SH.510050,09:35:40.304,2.944,300
20240207,SH.510050,09:35:40.965,2.944,1000
20240207,SH.510050,09:35:43.062,2.943,200
20240207,SH.510050,09:35:43.046,2.943,100
20240207,SH.510050,09:35:49.140,2.942,400
20240207,SH.510050,09:35:48.428,2.942,100
20240207,SH.510050,09:35:53.505,2.942,1500
20240207,SH.510050,09:35:53.343,2.942,1500
20240207,SH.510050,09:35:51.692,2.941,2500
20240207,SH.510050,09:35:52.505,2.942,200
20240207,SH.510050,09:35:56.714,2.941,2500
20240207,SH.510050,09:35:56.886,2.941,900
20240207,SH.510050,09:35:59.433,2.941,500
20240207,SH.510050,09:35:58.875,2.942,200
20240207,SH.510050,09:35:58.448,2.941,100
20240207,SH.510050,09:36:07.310,2.942,1000
20240207,SH.510050,09:36:07.945,2.942,1500
20240207,SH.510050,09:36:06.678,2.942,600
20240207,SH.510050,09:36:08.166,2.942,1500
20240207,SH.510050,09:36:09.861,2.941,600
20240207,SH.510050,09:36:09.031,2.941,1200
20240207,SH.510050,09:36:12.963,2.939,400
20240207,SH.510050,09:36:13.963,2.939,700
20240207,SH.510050,09:36:17.221,2.938,700
20240207,SH.510050,09:36:15.991,2.937,500
20240207,SH.510050,09:36:19.359,2.938,100
20240207,SH.510050,09:36:19.451,2.938,1500
20240207,SH.510050,09:36:23.358,2.937,3000
20240207,SH.510050,09:36:23.047,2.937,3000
20240207,SH.510050,09:36:21.228,2.938,2000
20240207,SH.510050,09:36:28.116,2.936,100
20240207,SH.510050,09:36:33.322,2.936,500
20240207,SH.510050,09:36:34.858,2.936,2000
20240207,SH.510050,09:36:40.487,2.936,1500
20240207,SH.510050,09:36:39.196,2.935,1800
20240207,SH.510050,09:36:44.286,2.936,100
20240207,SH.510050,09:36:45.884,2.935,300
20240207,SH.510050,09:36:50.479,2.936,5000
20240207,SH.510050,09:36:51.648,2.936,500
20240207,SH.510050,09:36:53.381,2.935,200
20240207,SH.510050,09:36:56.338,2.937,1500
20240207,SH.510050,09:36:56.795,2.936,900
20240207,SH.510050,09:36:54.584,2.936,1500
20240207,SH.510050,09:36:55.245,2.937,100
20240207,SH.510050,09:36:58.521,2.938,200
20240207,SH.510050,09:37:02.912,2.936,500
20240207,SH.510050,09:37:02.487,2.936,2000
20240207,SH.510050,09:37:01.502,2.936,300
20240207,SH.510050,09:37:04.525,2.935,1000
20240207,SH.510050,09:37:07.486,2.936,4000
20240207,SH.510050,09:37:06.018,2.936,100
20240207,SH.510050,09:37:07.271,2.937,300
20240207,SH.510050,09:37:06.107,2.937,1000
20240207,SH.510050,09:37:11.458,2.935,600
20240207,SH.510050,09:37:10.861,2.935,4000
20240207,SH.510050,09:37:09.889,2.935,400
20240207,SH.510050,09:37:12.403,2.936,3000
20240207,SH.510050,09:37:17.643,2.937,600
20240207,SH.510050,09:37:22.575,2.938,2500
20240207,SH.510050,09:37:21.056,2.938,5000
20240207,SH.510050,09:37:26.723,2.937,800
20240207,SH.510050,09:37:24.736,2.937,500
20240207,SH.510050,09:37:29.498,2.937,2000
20240207,SH.510050,09:37:28.329,2.938,400
20240207,SH.510050,09:37:34.876,2.938,2000
20240207,SH.510050,09:37:36.235,2.939,400
20240207,SH.510050,09:37:36.670,2.94,500
20240207,SH.510050,09:37:36.754,2.939,300
20240207,SH.510050,09:37:36.892,2.939,2800
20240207,SH.510050,09:37:40.007,2.94,600
20240207,SH.510050,09:37:39.036,2.94,900
20240207,SH.510050,09:37:43.721,2.94,800
20240207,SH.510050,09:37:42.877,2.94,500
20240207,SH.510050,09:37:46.717,2.94,700
20240207,SH.510050,09:37:49.757,2.938,100
20240207,SH.510050,09:37:48.405,2.938,5000
20240207,SH.510050,09:37:53.246,2.939,500
20240207,SH.510050,09:37:53.573,2.94,100
20240207,SH.510050,09:37:51.751,2.94,200
20240207,SH.510050,09:37:51.251,2.939,2000
20240207,SH.510050,09:37:55.832,2.94,500
20240207,SH.510050,09:37:57.748,2.94,200
20240207,SH.510050,09:38:02.862,2.94,100
20240207,SH.510050,09:38:02.559,2.94,600
20240207,SH.510050,09:38:07.692,2.941,100
20240207,SH.510050,09:38:10.780,2.942,800
20240207,SH.510050,09:38:11.804,2.942,3000
20240207,SH.510050,09:38:12.424,2.942,1200
20240207,SH.510050,09:38:16.896,2.941,500
20240207,SH.510050,09:38:17.507,2.942,300
20240207,SH.510050,09:38:18.171,2.941,1200
20240207,SH.510050,09:38:19.454,2.941,100
20240207,SH.510050,09:38:18.655,2.941,1000
20240207,SH.510050,09:38:18.175,2.941,400
20240207,SH.510050,09:38:22.582,2.94,500
20240207,SH.510050,09:38:22.057,2.941,500
20240207,SH.510050,09:38:22.963,2.941,3000
20240207,SH.510050,09:38:29.078,2.938,1500
20240207,SH.510050,09:38:31.836,2.94,1600
20240207,SH.510050,09:38:34.818,2.937,1100
20240207,SH.510050,09:38:39.825,2.939,2000
20240207,SH.510050,09:38:43.442,2.937,800
20240207,SH.510050,09:38:47.849,2.937,2000
20240207,SH.510050,09:38:47.093,2.937,2500
20240207,SH.510050,09:38:49.023,2.939,1200
20240207,SH.510050,09:38:49.296,2.939,600
20240207,SH.510050,09:38:50.502,2.938,500
20240207,SH.510050,09:38:51.945,2.938,200
20240207,SH.510050,09:38:53.436,2.938,300
20240207,SH.510050,09:38:52.622,2.939,400
20240207,SH.510050,09:38:52.070,2.939,3000
20240207,SH.510050,09:38:59.236,2.937,300
20240207,SH.510050,09:38:59.432,2.936,2000
20240207,SH.510050,09:38:57.814,2.937,600
20240207,SH.510050,09:38:58.499,2.936,100
20240207,SH.510050,09:39:02.374,2.935,500
20240207,SH.510050,09:39:05.886,2.937,500
20240207,SH.510050,09:39:03.054,2.936,4000
20240207,SH.510050,09:39:04.119,2.937,100
20240207,SH.510050,09:39:11.529,2.937,300
20240207,SH.510050,09:39:09.935,2.938,400
20240207,SH.510050,09:39:11.474,2.938,300
20240207,SH.510050,09:39:15.001,2.94,200
20240207,SH.510050,09:39:15.592,2.94,5000
20240207,SH.510050,09:39:17.348,2.939,400
20240207,SH.510050,09:39:15.050,2.94,800
20240207,SH.510050,09:39:20.529,2.94,2000
20240207,SH.510050,09:39:19.010,2.94,2500
20240207,SH.510050,09:39:20.726,2.939,600
20240207,SH.510050,09:39:23.687,2.939,2600
20240207,SH.510050,09:39:21.257,2.939,1400
20240207,SH.510050,09:39:25.233,2.938,300
20240207,SH.510050,09:39:25.156,2.938,200
20240207,SH.510050,09:39:27.046,2.938,1000
20240207,SH.510050,09:39:28.343,2.939,600
20240207,SH.510050,09:39:29.328,2.939,600
20240207,SH.510050,09:39:28.151,2.938,500
20240207,SH.510050,09:39:31.369,2.938,400
20240207,SH.510050,09:39:36.255,2.937,1000
20240207,SH.510050,09:39:41.505,2.936,1500
20240207,SH.510050,09:39:42.746,2.935,500
20240207,SH.510050,09:39:50.233,2.935,900
20240207,SH.510050,09:39:51.108,2.935,1200
20240207,SH.510050,09:39:55.793,2.935,600
20240207,SH.510050,09:39:57.638,2.937,4200
20240207,SH.510050,09:39:57.723,2.936,400
20240207,SH.510050,09:40:01.341,2.936,3000
20240207,SH.510050,09:40:05.893,2.937,600
20240207,SH.510050,09:40:03.816,2.938,100
20240207,SH.510050,09:40:07.528,2.937,2500
20240207,SH.510050,09:40:07.274,2.938,100
20240207,SH.510050,09:40:06.760,2.938,1000
20240207,SH.510050,09:40:12.277,2.939,2000
20240207,SH.510050,09:40:16.626,2.939,200
20240207,SH.510050,09:40:16.720,2.939,2000
20240207,SH.510050,09:40:17.048,2.939,200
20240207,SH.510050,09:40:18.160,2.939,1000
20240207,SH.510050,09:40:18.591,2.94,600
20240207,SH.510050,09:40:23.559,2.94,300
20240207,SH.510050,09:40:26.970,2.941,300
20240207,SH.510050,09:40:28.423,2.94,500
20240207,SH.510050,09:40:29.358,2.94,300
20240207,SH.510050,09:40:32.067,2.942,1500
20240207,SH.510050,09:40:33.255,2.942,600
20240207,SH.510050,09:40:35.725,2.943,200
20240207,SH.510050,09:40:38.625,2.941,300
20240207,SH.510050,09:40:38.510,2.941,400
20240207,SH.510050,09:40:41.123,2.94,100
20240207,SH.510050,09:40:43.919,2.941,1200
20240207,SH.510050,09:40:44.709,2.94,600
20240207,SH.510050,09:40:45.219,2.939,600
20240207,SH.510050,09:40:46.491,2.94,200
20240207,SH.510050,09:40:46.418,2.939,400
20240207,SH.510050,09:40:46.581,2.939,300
20240207,SH.510050,09:40:47.259,2.94,200
20240207,SH.510050,09:40:51.913,2.941,100
20240207,SH.510050,09:40:54.268,2.94,1600
20240207,SH.510050,09:40:55.046,2.94,200
20240207,SH.510050,09:40:54.455,2.94,2600
20240207,SH.510050,09:40:54.862,2.94,100
20240207,SH.510050,09:40:57.228,2.943,1000
20240207,SH.510050,09:40:59.000,2.942,200
20240207,SH.510050,09:41:00.697,2.942,600
20240207,SH.510050,09:41:01.729,2.942,1000
20240207,SH.510050,09:41:04.191,2.944,1000
20240207,SH.510050,09:41:03.311,2.943,300
20240207,SH.510050,09:41:04.772,2.943,1400
20240207,SH.510050,09:41:04.759,2.943,300
20240207,SH.510050,09:41:05.491,2.944,300
20240207,SH.510050,09:41:08.109,2.943,300
20240207,SH.510050,09:41:09.057,2.944,4000
20240207,SH.510050,09:41:10.380,2.944,1000
20240207,SH.510050,09:41:13.167,2.943,400
20240207,SH.510050,09:41:15.779,2.943,1000
20240207,SH.510050,09:41:17.177,2.943,5000
20240207,SH.510050,09:41:19.289,2.944,1900
20240207,SH.510050,09:41:20.674,2.944,5000
20240207,SH.510050,09:41:22.916,2.944,500
20240207,SH.510050,09:41:25.197,2.944,100
20240207,SH.510050,09:41:27.378,2.945,300
20240207,SH.510050,09:41:30.471,2.946,1200
20240207,SH.510050,09:41:42.055,2.946,200
20240207,SH.510050,09:41:43.072,2.947,200
20240207,SH.510050,09:41:44.458,2.947,300
20240207,SH.510050,09:41:47.949,2.946,100
20240207,SH.510050,09:41:47.179,2.947,2000
20240207,SH.510050,09:41:49.091,2.947,500
20240207,SH.510050,09:41:48.785,2.946,3000
20240207,SH.510050,09:41:49.131,2.947,1000
20240207,SH.510050,09:41:51.199,2.945,300
20240207,SH.510050,09:41:51.970,2.946,300
20240207,SH.510050,09:41:56.929,2.944,5000
20240207,SH.510050,09:41:55.661,2.945,800
20240207,SH.510050,09:41:56.139,2.944,1500
20240207,SH.510050,09:41:57.307,2.945,500
20240207,SH.510050,09:42:02.865,2.944,4000
20240207,SH.510050,09:42:01.706,2.944,200
20240207,SH.510050,09:42:08.297,2.942,300
20240207,SH.510050,09:42:09.288,2.942,400
20240207,SH.510050,09:42:11.716,2.941,500
20240207,SH.510050,09:42:13.996,2.943,2100
20240207,SH.510050,09:42:13.630,2.942,1200
20240207,SH.510050,09:42:14.163,2.943,300
20240207,SH.510050,09:42:17.922,2.941,2500
20240207,SH.510050,09:42:19.581,2.942,1100
20240207,SH.510050,09:42:25.072,2.942,800
20240207,SH.510050,09:42:24.759,2.942,500
20240207,SH.510050,09:42:29.202,2.942,500
20240207,SH.510050,09:42:29.053,2.943,300
20240207,SH.510050,09:42:32.013,2.941,900
20240207,SH.510050,09:42:30.291,2.941,400
20240207,SH.510050,09:42:30.640,2.942,100
20240207,SH.510050,09:42:33.893,2.939,400
20240207,SH.510050,09:42:33.340,2.94,3000
20240207,SH.510050,09:42:35.757,2.94,100
20240207,SH.510050,09:42:38.291,2.941,200
20240207,SH.510050,09:42:40.192,2.94,200
20240207,SH.510050,09:42:41.939,2.94,1200
20240207,SH.510050,09:42:44.226,2.94,1500
20240207,SH.510050,09:42:44.053,2.94,200
20240207,SH.510050,09:42:46.362,2.94,600
20240207,SH.510050,09:42:49.510,2.938,2000
20240207,SH.510050,09:42:53.124,2.939,5000
20240207,SH.510050,09:42:51.780,2.938,1500
20240207,SH.510050,09:42:52.212,2.938,100
20240207,SH.510050,09:42:56.480,2.938,500
20240207,SH.510050,09:42:54.849,2.937,800
20240207,SH.510050,09:42:57.391,2.939,2500
20240207,SH.510050,09:43:02.576,2.939,100
20240207,SH.510050,09:43:01.698,2.939,200
20240207,SH.510050,09:43:03.190,2.939,300
20240207,SH.510050,09:43:05.601,2.939,1100
20240207,SH.510050,09:43:06.616,2.939,1500
20240207,SH.510050,09:43:06.007,2.939,400
20240207,SH.510050,09:43:11.633,2.938,800
20240207,SH.510050,09:43:18.535,2.938,400
20240207,SH.510050,09:43:18.796,2.938,1000
20240207,SH.510050,09:43:19.379,2.937,600
20240207,SH.510050,09:43:18.672,2.937,100
20240207,SH.510050,09:43:21.907,2.936,100
20240207,SH.510050,09:43:25.119,2.938,500
20240207,SH.510050,09:43:31.274,2.939,2000
20240207,SH.510050,09:43:30.286,2.939,1000
20240207,SH.510050,09:43:31.281,2.939,5000
20240207,SH.510050,09:43:32.680,2.938,400
20240207,SH.510050,09:43:37.506,2.939,2000
20240207,SH.510050,09:43:41.528,2.938,800
20240207,SH.510050,09:43:41.822,2.939,800
20240207,SH.510050,09:43:47.137,2.938,1000
20240207,SH.510050,09:43:50.602,2.938,1600
20240207,SH.510050,09:43:49.158,2.938,1200
20240207,SH.510050,09:43:49.790,2.938,200
20240207,SH.510050,09:43:48.733,2.939,200
20240207,SH.510050,09:43:53.325,2.938,100
20240207,SH.510050,09:43:52.214,2.938,600
20240207,SH.510050,09:43:55.468,2.938,200
20240207,SH.510050,09:43:55.011,2.938,1000
20240207,SH.510050,09:43:56.543,2.938,600
20240207,SH.510050,09:43:54.394,2.939,2000
20240207,SH.510050,09:43:58.392,2.94,300
20240207,SH.510050,09:43:58.589,2.939,300
20240207,SH.510050,09:43:57.573,2.94,2900
20240207,SH.510050,09:44:04.270,2.937,100
20240207,SH.510050,09:44:05.326,2.936,1200
20240207,SH.510050,09:44:08.972,2.937,1500
20240207,SH.510050,09:44:06.572,2.937,300
20240207,SH.510050,09:44:12.125,2.937,1500
20240207,SH.510050,09:44:13.437,2.938,300
20240207,SH.510050,09:44:23.815,2.938,5000
20240207,SH.510050,09:44:22.157,2.939,2500
20240207,SH.510050,09:44:22.761,2.938,900
20240207,SH.510050,09:44:22.477,2.938,4000
20240207,SH.510050,09:44:25.099,2.94,400
20240207,SH.510050,09:44:26.260,2.939,400
20240207,SH.510050,09:44:24.993,2.94,200
20240207,SH.510050,09:44:27.449,2.94,500
20240207,SH.510050,09:44:28.991,2.941,900
20240207,SH.510050,09:44:27.652,2.94,200
20240207,SH.510050,09:44:32.737,2.941,2000
20240207,SH.510050,09:44:31.280,2.941,500
20240207,SH.510050,09:44:33.619,2.94,3000
20240207,SH.510050,09:44:37.697,2.94,500
20240207,SH.510050,09:44:37.247,2.94,1000
20240207,SH.510050,09:44:41.122,2.94,2500
20240207,SH.510050,09:44:43.904,2.94,500
20240207,SH.510050,09:44:47.928,2.938,1500
20240207,SH.510050,09:44:54.159,2.938,1000
20240207,SH.510050,09:44:55.986,2.937,2500
20240207,SH.510050,09:44:55.385,2.937,900
20240207,SH.510050,09:44:59.464,2.938,2000
20240207,SH.510050,09:44:59.848,2.938,200
20240207,SH.510050,09:45:00.690,2.937,600
20240207,SH.510050,09:45:01.679,2.936,100
20240207,SH.510050,09:45:02.273,2.936,500
20240207,SH.510050,09:45:05.278,2.938,300
20240207,SH.510050,09:45:05.889,2.937,1500
20240207,SH.510050,09:45:07.319,2.938,1500
20240207,SH.510050,09:45:11.722,2.939,300
20240207,SH.510050,09:45:10.680,2.939,1000
20240207,SH.510050,09:45:11.538,2.94,900
20240207,SH.510050,09:45:13.690,2.94,700
20240207,SH.510050,09:45:13.796,2.94,600
20240207,SH.510050,09:45:16.797,2.939,300
20240207,SH.510050,09:45:16.507,2.94,200
20240207,SH.510050,09:45:19.678,2.939,100
20240207,SH.510050,09:45:25.248,2.94,2500
20240207,SH.510050,09:45:28.117,2.941,200
20240207,SH.510050,09:45:27.179,2.94,1000
20240207,SH.510050,09:45:33.126,2.939,1500
20240207,SH.510050,09:45:38.675,2.941,100
20240207,SH.510050,09:45:36.677,2.941,200
20240207,SH.510050,09:45:38.410,2.941,2900
20240207,SH.510050,09:45:41.228,2.939,900
20240207,SH.510050,09:45:39.940,2.94,100
20240207,SH.510050,09:45:43.086,2.939,500
20240207,SH.510050,09:45:44.393,2.939,3000
20240207,SH.510050,09:45:43.145,2.94,900
20240207,SH.510050,09:45:44.235,2.939,200
20240207,SH.510050,09:45:46.563,2.939,800
20240207,SH.510050,09:45:45.923,2.94,1400
20240207,SH.510050,09:45:47.988,2.94,400
20240207,SH.510050,09:45:48.860,2.938,2500
20240207,SH.510050,09:45:50.405,2.938,500
20240207,SH.510050,09:45:52.162,2.937,3000
20240207,SH.510050,09:45:53.139,2.937,400
20240207,SH.510050,09:45:56.937,2.938,600
20240207,SH.510050,09:45:54.124,2.938,200
20240207,SH.510050,09:45:59.559,2.936,600
20240207,SH.510050,09:45:57.152,2.936,4000
20240207,SH.510050,09:45:59.954,2.936,1000
20240207,SH.510050,09:46:03.562,2.936,4000
20240207,SH.510050,09:46:04.401,2.937,2000
20240207,SH.510050,09:46:11.815,2.937,1500
20240207,SH.510050,09:46:13.961,2.937,900
20240207,SH.510050,09:46:13.593,2.938,700
20240207,SH.510050,09:46:13.331,2.938,500
20240207,SH.510050,09:46:13.333,2.938,1700
20240207,SH.510050,09:46:16.188,2.94,300
20240207,SH.510050,09:46:16.535,2.94,900
20240207,SH.510050,09:46:17.601,2.939,2000
20240207,SH.510050,09:46:16.313,2.94,800
20240207,SH.510050,09:46:20.356,2.94,500
20240207,SH.510050,09:46:23.059,2.939,1500
20240207,SH.510050,09:46:25.918,2.941,1000
20240207,SH.510050,09:46:30.164,2.939,500
20240207,SH.510050,09:46:30.865,2.94,2500
20240207,SH.510050,09:46:35.175,2.939,1200
20240207,SH.510050,09:46:33.317,2.939,1500
20240207,SH.510050,09:46:37.767,2.938,1000
20240207,SH.510050,09:46:39.925,2.937,600
20240207,SH.510050,09:46:45.009,2.936,1200
20240207,SH.510050,09:46:49.888,2.935,400
20240207,SH.510050,09:46:51.465,2.934,2100
20240207,SH.510050,09:46:52.698,2.933,1200
20240207,SH.510050,09:46:51.615,2.933,1200
20240207,SH.510050,09:46:54.520,2.933,1500
20240207,SH.510050,09:46:54.702,2.934,1000
20240207,SH.510050,09:46:55.920,2.934,600
20240207,SH.510050,09:46:59.882,2.934,1000
20240207,SH.510050,09:47:00.318,2.934,300
20240207,SH.510050,09:47:01.514,2.934,100
20240207,SH.510050,09:47:03.711,2.933,400
20240207,SH.510050,09:47:03.221,2.934,500
20240207,SH.510050,09:47:07.775,2.932,300
20240207,SH.510050,09:47:11.621,2.932,1500
20240207,SH.510050,09:47:11.015,2.932,100
20240207,SH.510050,09:47:13.568,2.931,300
20240207,SH.510050,09:47:12.541,2.931,600
20240207,SH.510050,09:47:13.626,2.931,2000
20240207,SH.510050,09:47:12.232,2.932,600
20240207,SH.510050,09:47:13.592,2.931,500
20240207,SH.510050,09:47:15.562,2.931,1500
20240207,SH.510050,09:47:17.828,2.932,800
20240207,SH.510050,09:47:16.710,2.932,100
20240207,SH.510050,09:47:16.722,2.932,3200
20240207,SH.510050,09:47:20.597,2.93,300
20240207,SH.510050,09:47:19.424,2.931,600
20240207,SH.510050,09:47:22.176,2.931,100
20240207,SH.510050,09:47:25.097,2.93,300
20240207,SH.510050,09:47:24.602,2.931,3000
20240207,SH.510050,09:47:27.345,2.93,900
20240207,SH.510050,09:47:27.519,2.93,200
20240207,SH.510050,09:47:32.453,2.932,1000
20240207,SH.510050,09:47:33.077,2.932,600
20240207,SH.510050,09:47:34.452,2.933,1500
20240207,SH.510050,09:47:38.481,2.934,2000
20240207,SH.510050,09:47:37.020,2.933,600
20240207,SH.510050,09:47:41.642,2.934,300
20240207,SH.510050,09:47:41.474,2.935,200
20240207,SH.510050,09:47:39.510,2.935,4000
20240207,SH.510050,09:47:42.583,2.935,600
20240207,SH.510050,09:47:45.066,2.935,200
20240207,SH.510050,09:47:45.686,2.936,600
20240207,SH.510050,09:47:49.005,2.935,200
20240207,SH.510050,09:47:48.436,2.936,1000
20240207,SH.510050,09:47:55.757,2.936,400
20240207,SH.510050,09:47:54.184,2.936,100
20240207,SH.510050,09:47:58.120,2.935,5000
20240207,SH.510050,09:47:59.588,2.936,800
20240207,SH.510050,09:47:59.088,2.936,300
20240207,SH.510050,09:48:07.940,2.937,900
20240207,SH.510050,09:48:06.890,2.937,400
20240207,SH.510050,09:48:08.473,2.937,2500
20240207,SH.510050,09:48:11.884,2.938,500
20240207,SH.510050,09:48:11.823,2.938,200
20240207,SH.510050,09:48:16.876,2.94,300
20240207,SH.510050,09:48:20.075,2.939,800
20240207,SH.510050,09:48:19.294,2.939,5000
20240207,SH.510050,09:48:19.621,2.939,500
20240207,SH.510050,09:48:22.787,2.94,800
20240207,SH.510050,09:48:25.881,2.94,300
20240207,SH.510050,09:48:29.027,2.939,300
20240207,SH.510050,09:48:27.656,2.94,5000
20240207,SH.510050,09:48:32.624,2.94,1000
20240207,SH.510050,09:48:32.376,2.94,800
20240207,SH.510050,09:48:33.515,2.939,2500
20240207,SH.510050,09:48:38.353,2.938,1200
20240207,SH.510050,09:48:39.821,2.939,2000
20240207,SH.510050,09:48:39.768,2.94,2000
20240207,SH.510050,09:48:42.443,2.94,400
20240207,SH.510050,09:48:42.499,2.94,300
20240207,SH.510050,09:48:47.377,2.94,1000
20240207,SH.510050,09:48:48.189,2.939,2000
20240207,SH.510050,09:48:53.239,2.94,200
20240207,SH.510050,09:48:55.630,2.94,800
20240207,SH.510050,09:48:57.518,2.938,200
20240207,SH.510050,09:49:00.431,2.937,1500
20240207,SH.510050,09:49:02.911,2.937,200
20240207,SH.510050,09:49:04.897,2.937,1200
20240207,SH.510050,09:49:04.658,2.938,100
20240207,SH.510050,09:49:05.618,2.938,1000
20240207,SH.510050,09:49:05.390,2.937,100
20240207,SH.510050,09:49:10.204,2.935,200
20240207,SH.510050,09:49:12.113,2.937,1000
20240207,SH.510050,09:49:14.087,2.937,1000
20240207,SH.510050,09:49:17.866,2.936,100
20240207,SH.510050,09:49:19.107,2.935,5000
20240207,SH.510050,09:49:19.870,2.935,900
20240207,SH.510050,09:49:21.276,2.937,2000
20240207,SH.510050,09:49:26.962,2.936,500
20240207,SH.510050,09:49:27.542,2.936,500
20240207,SH.510050,09:49:27.729,2.935,1000
20240207,SH.510050,09:49:28.110,2.935,1000
20240207,SH.510050,09:49:27.470,2.935,4000
20240207,SH.510050,09:49:34.629,2.935,1500
20240207,SH.510050,09:49:35.847,2.936,600
20240207,SH.510050,09:49:34.380,2.935,1000
20240207,SH.510050,09:49:37.769,2.936,3000
20240207,SH.510050,09:49:38.526,2.935,300
20240207,SH.510050,09:49:36.785,2.935,100
20240207,SH.510050,09:49:41.697,2.937,2000
20240207,SH.510050,09:49:41.935,2.937,100
20240207,SH.510050,09:49:41.896,2.937,200
20240207,SH.510050,09:49:43.086,2.937,400
20240207,SH.510050,09:49:43.328,2.936,600
20240207,SH.510050,09:49:43.045,2.936,1100
20240207,SH.510050,09:49:46.959,2.937,3000
20240207,SH.510050,09:49:48.008,2.937,100
20240207,SH.510050,09:49:49.576,2.937,3000
20240207,SH.510050,09:49:52.420,2.94,2500
20240207,SH.510050,09:49:52.762,2.939,800
20240207,SH.510050,09:49:55.693,2.939,600
20240207,SH.510050,09:50:02.375,2.938,300
20240207,SH.510050,09:50:01.338,2.937,800
20240207,SH.510050,09:50:03.596,2.937,600
20240207,SH.510050,09:50:11.696,2.937,300
20240207,SH.510050,09:50:11.590,2.938,500
20240207,SH.510050,09:50:13.243,2.938,1000
20240207,SH.510050,09:50:13.162,2.937,1000
20240207,SH.510050,09:50:13.305,2.937,1000
20240207,SH.510050,09:50:15.711,2.937,400
20240207,SH.510050,09:50:16.409,2.936,1500
20240207,SH.510050,09:50:20.969,2.935,2500
20240207,SH.510050,09:50:21.157,2.934,800
20240207,SH.510050,09:50:25.807,2.934,300
20240207,SH.510050,09:50:26.144,2.933,1400
20240207,SH.510050,09:50:29.427,2.934,4000
20240207,SH.510050,09:50:29.355,2.933,400
20240207,SH.510050,09:50:30.540,2.934,2500
20240207,SH.510050,09:50:32.207,2.933,2500
20240207,SH.510050,09:50:34.741,2.933,1000
20240207,SH.510050,09:50:33.072,2.933,2500
20240207,SH.510050,09:50:35.651,2.933,3000
20240207,SH.510050,09:50:38.986,2.934,1000
20240207,SH.510050,09:50:47.934,2.932,2000
20240207,SH.510050,09:50:46.796,2.931,100
20240207,SH.510050,09:50:48.182,2.933,100
20240207,SH.510050,09:50:49.183,2.933,3000
20240207,SH.510050,09:50:53.728,2.932,1500
20240207,SH.510050,09:50:56.894,2.932,1000
20240207,SH.510050,09:50:55.607,2.932,100
20240207,SH.510050,09:50:58.620,2.934,400
20240207,SH.510050,09:51:01.816,2.935,100
20240207,SH.510050,09:51:03.509,2.936,600
20240207,SH.510050,09:51:04.363,2.936,500
20240207,SH.510050,09:51:03.687,2.935,1600
20240207,SH.510050,09:51:03.790,2.936,400
20240207,SH.510050,09:51:07.731,2.935,3000
20240207,SH.510050,09:51:07.867,2.935,600
20240207,SH.510050,09:51:09.849,2.934,200
20240207,SH.510050,09:51:11.640,2.934,400
20240207,SH.510050,09:51:15.134,2.934,2500
20240207,SH.510050,09:51:15.894,2.934,3000
20240207,SH.510050,09:51:17.641,2.934,1000
20240207,SH.510050,09:51:15.183,2.934,2500
20240207,SH.510050,09:51:20.116,2.934,4000
20240207,SH.510050,09:51:22.292,2.932,1000
20240207,SH.510050,09:51:24.539,2.934,3000
20240207,SH.510050,09:51:25.893,2.934,3000
20240207,SH.510050,09:51:28.704,2.934,300
20240207,SH.510050,09:51:30.675,2.933,1500
20240207,SH.510050,09:51:37.626,2.931,2500
20240207,SH.510050,09:51:38.359,2.931,2000
20240207,SH.510050,09:51:40.447,2.932,3700
20240207,SH.510050,09:51:43.578,2.931,600
20240207,SH.510050,09:51:47.811,2.93,200
20240207,SH.510050,09:51:48.530,2.931,400
20240207,SH.510050,09:51:52.739,2.931,400
20240207,SH.510050,09:51:51.088,2.932,200
20240207,SH.510050,09:51:56.434,2.931,500
20240207,SH.510050,09:52:01.977,2.931,400
20240207,SH.510050,09:52:05.031,2.932,1000
20240207,SH.510050,09:52:11.210,2.932,1200
20240207,SH.510050,09:52:10.490,2.932,900
20240207,SH.510050,09:52:14.523,2.932,2000
20240207,SH.510050,09:52:12.517,2.932,1000
20240207,SH.510050,09:52:12.010,2.932,300
20240207,SH.510050,09:52:12.245,2.932,200
20240207,SH.510050,09:52:17.082,2.932,1200
20240207,SH.510050,09:52:23.378,2.931,300
20240207,SH.510050,09:52:25.356,2.932,600
20240207,SH.510050,09:52:28.982,2.934,200
20240207,SH.510050,09:52:28.285,2.934,100
20240207,SH.510050,09:52:27.373,2.935,900
20240207,SH.510050,09:52:31.788,2.934,200
20240207,SH.510050,09:52:31.024,2.935,1000
20240207,SH.510050,09:52:32.506,2.934,2000
20240207,SH.510050,09:52:31.959,2.934,2000
20240207,SH.510050,09:52:33.221,2.935,1500
20240207,SH.510050,09:52:34.177,2.936,5000
20240207,SH.510050,09:52:36.208,2.936,200
20240207,SH.510050,09:52:37.807,2.936,200
20240207,SH.510050,09:52:44.822,2.937,500
20240207,SH.510050,09:52:42.224,2.936,600
20240207,SH.510050,09:52:46.730,2.936,1000
20240207,SH.510050,09:52:45.837,2.936,300
20240207,SH.510050,09:52:50.275,2.937,2200
20240207,SH.510050,09:52:52.593,2.936,5000
20240207,SH.510050,09:52:52.405,2.936,500
20240207,SH.510050,09:52:52.784,2.937,1600
20240207,SH.510050,09:52:56.310,2.937,1000
20240207,SH.510050,09:52:56.436,2.937,3000
20240207,SH.510050,09:53:01.199,2.936,800
20240207,SH.510050,09:53:05.001,2.938,900
20240207,SH.510050,09:53:06.564,2.937,600
20240207,SH.510050,09:53:11.440,2.937,500
20240207,SH.510050,09:53:10.797,2.937,900
20240207,SH.510050,09:53:11.907,2.938,600
20240207,SH.510050,09:53:10.069,2.937,400
20240207,SH.510050,09:53:16.616,2.939,2500
20240207,SH.510050,09:53:16.513,2.938,1300
20240207,SH.510050,09:53:20.477,2.939,800
20240207,SH.510050,09:53:18.573,2.94,1000
20240207,SH.510050,09:53:21.704,2.939,100
20240207,SH.510050,09:53:23.038,2.938,800
20240207,SH.510050,09:53:27.104,2.938,3000
20240207,SH.510050,09:53:28.574,2.939,200
20240207,SH.510050,09:53:31.247,2.937,400
20240207,SH.510050,09:53:34.768,2.939,100
20240207,SH.510050,09:53:36.805,2.937,600
20240207,SH.510050,09:53:41.162,2.937,100
20240207,SH.510050,09:53:39.651,2.938,3000
20240207,SH.510050,09:53:39.181,2.938,100
20240207,SH.510050,09:53:44.418,2.937,600
20240207,SH.510050,09:53:45.580,2.94,700
20240207,SH.510050,09:53:45.979,2.939,3000
20240207,SH.510050,09:53:51.516,2.94,100
20240207,SH.510050,09:53:59.488,2.938,200
20240207,SH.510050,09:54:02.278,2.939,900
20240207,SH.510050,09:54:04.737,2.937,2500
20240207,SH.510050,09:54:05.076,2.938,400
20240207,SH.510050,09:54:04.308,2.937,300
20240207,SH.510050,09:54:07.084,2.938,100
20240207,SH.510050,09:54:10.450,2.937,5000
20240207,SH.510050,09:54:10.424,2.937,900
20240207,SH.510050,09:54:12.512,2.938,200
20240207,SH.510050,09:54:15.611,2.94,5000
20240207,SH.510050,09:54:17.075,2.939,200
20240207,SH.510050,09:54:15.749,2.939,2000
20240207,SH.510050,09:54:18.231,2.939,5000
20240207,SH.510050,09:54:26.895,2.938,1100
20240207,SH.510050,09:54:27.621,2.938,2200
20240207,SH.510050,09:54:32.048,2.938,100
20240207,SH.510050,09:54:32.058,2.938,200
20240207,SH.510050,09:54:32.818,2.938,600
20240207,SH.510050,09:54:34.053,2.938,300
20240207,SH.510050,09:54:35.048,2.938,2000
20240207,SH.510050,09:54:35.043,2.938,2400
20240207,SH.510050,09:54:37.393,2.938,1500
20240207,SH.510050,09:54:38.870,2.938,200
20240207,SH.510050,09:54:40.046,2.937,1200
20240207,SH.510050,09:54:45.433,2.938,1000
20240207,SH.510050,09:54:46.984,2.938,900
20240207,SH.510050,09:54:50.739,2.936,1000
20240207,SH.510050,09:54:53.604,2.937,800
20240207,SH.510050,09:54:51.945,2.937,400
20240207,SH.510050,09:54:51.182,2.936,200
20240207,SH.510050,09:54:55.276,2.937,900
20240207,SH.510050,09:54:54.843,2.936,800
20240207,SH.510050,09:54:59.585,2.936,4000
20240207,SH.510050,09:55:00.907,2.935,1200
20240207,SH.510050,09:55:02.541,2.936,500
20240207,SH.510050,09:55:00.449,2.936,200
20240207,SH.510050,09:55:01.058,2.936,300
20240207,SH.510050,09:55:04.930,2.935,5000
20240207,SH.510050,09:55:08.634,2.936,500
20240207,SH.510050,09:55:11.874,2.938,3000
20240207,SH.510050,09:55:11.853,2.937,1000
20240207,SH.510050,09:55:09.331,2.938,100
20240207,SH.510050,09:55:13.958,2.937,100
20240207,SH.510050,09:55:12.242,2.936,1000
20240207,SH.510050,09:55:16.188,2.936,900
20240207,SH.510050,09:55:29.812,2.932,900
20240207,SH.510050,09:55:29.678,2.933,2000
20240207,SH.510050,09:55:29.184,2.932,300
20240207,SH.510050,09:55:32.106,2.932,300
20240207,SH.510050,09:55:31.360,2.932,100
20240207,SH.510050,09:55:30.271,2.932,100
20240207,SH.510050,09:55:32.486,2.933,1000
20240207,SH.510050,09:55:38.502,2.932,1500
20240207,SH.510050,09:55:37.352,2.932,1500
20240207,SH.510050,09:55:40.653,2.933,1500
20240207,SH.510050,09:55:39.230,2.932,1000
20240207,SH.510050,09:55:42.591,2.932,1000
20240207,SH.510050,09:55:43.784,2.931,500
20240207,SH.510050,09:55:42.877,2.931,300
20240207,SH.510050,09:55:43.968,2.932,1000
20240207,SH.510050,09:55:44.139,2.931,1000
20240207,SH.510050,09:55:48.957,2.931,1500
20240207,SH.510050,09:55:50.851,2.931,300
20240207,SH.510050,09:55:51.967,2.931,2000
20240207,SH.510050,09:55:52.809,2.932,200
20240207,SH.510050,09:55:59.702,2.93,900
20240207,SH.510050,09:55:59.895,2.93,300
20240207,SH.510050,09:55:57.436,2.931,1000
20240207,SH.510050,09:55:57.528,2.931,100
20240207,SH.510050,09:56:01.488,2.931,2500
20240207,SH.510050,09:56:05.903,2.931,1000
20240207,SH.510050,09:56:11.032,2.93,3000
20240207,SH.510050,09:56:12.433,2.931,600
20240207,SH.510050,09:56:14.461,2.931,600
20240207,SH.510050,09:56:17.304,2.931,300
20240207,SH.510050,09:56:19.067,2.932,3000
20240207,SH.510050,09:56:18.330,2.931,3000
20240207,SH.510050,09:56:23.575,2.931,800
20240207,SH.510050,09:56:26.065,2.934,2500
20240207,SH.510050,09:56:25.137,2.933,600
20240207,SH.510050,09:56:28.567,2.934,600
20240207,SH.510050,09:56:27.756,2.935,300
20240207,SH.510050,09:56:32.818,2.934,200
20240207,SH.510050,09:56:30.294,2.934,200
20240207,SH.510050,09:56:39.938,2.935,500
20240207,SH.510050,09:56:43.292,2.935,200
20240207,SH.510050,09:56:46.959,2.936,600
20240207,SH.510050,09:56:46.846,2.935,1500
20240207,SH.510050,09:56:50.670,2.935,1000
20240207,SH.510050,09:56:49.108,2.935,3000
20240207,SH.510050,09:56:56.234,2.936,300
20240207,SH.510050,09:56:56.042,2.937,1500
20240207,SH.510050,09:56:56.642,2.936,5000
20240207,SH.510050,09:56:59.052,2.937,2600
20240207,SH.510050,09:56:57.333,2.938,1800
20240207,SH.510050,09:57:02.288,2.939,1500
20240207,SH.510050,09:57:01.323,2.939,100
20240207,SH.510050,09:57:02.773,2.939,600
20240207,SH.510050,09:57:04.311,2.937,200
20240207,SH.510050,09:57:03.342,2.938,300
20240207,SH.510050,09:57:06.386,2.938,1000
20240207,SH.510050,09:57:07.934,2.939,100
20240207,SH.510050,09:57:10.617,2.937,600
20240207,SH.510050,09:57:09.076,2.937,1500
20240207,SH.510050,09:57:14.165,2.938,1000
20240207,SH.510050,09:57:15.740,2.939,1500
20240207,SH.510050,09:57:15.270,2.938,500
20240207,SH.510050,09:57:16.654,2.938,200
20240207,SH.510050,09:57:18.960,2.938,2500
20240207,SH.510050,09:57:21.997,2.938,2500
20240207,SH.510050,09:57:24.160,2.941,100
20240207,SH.510050,09:57:27.304,2.94,100
20240207,SH.510050,09:57:32.479,2.939,1200
20240207,SH.510050,09:57:32.003,2.939,300
20240207,SH.510050,09:57:34.270,2.94,4000
20240207,SH.510050,09:57:33.548,2.94,900
20240207,SH.510050,09:57:36.095,2.941,200
20240207,SH.510050,09:57:39.953,2.94,800
20240207,SH.510050,09:57:40.502,2.94,600
20240207,SH.510050,09:57:40.140,2.94,3000
20240207,SH.510050,09:57:45.601,2.941,100
20240207,SH.510050,09:57:50.057,2.94,1300
20240207,SH.510050,09:57:56.108,2.94,600
20240207,SH.510050,09:58:00.647,2.94,500
20240207,SH.510050,09:58:01.156,2.94,800
20240207,SH.510050,09:58:00.752,2.94,3000
20240207,SH.510050,09:58:00.154,2.94,100
20240207,SH.510050,09:58:10.792,2.939,600
20240207,SH.510050,09:58:12.900,2.939,200
20240207,SH.510050,09:58:14.387,2.939,1500
20240207,SH.510050,09:58:14.251,2.94,1500
20240207,SH.510050,09:58:15.978,2.939,2500
20240207,SH.510050,09:58:15.105,2.94,400
20240207,SH.510050,09:58:18.584,2.94,500
20240207,SH.510050,09:58:20.565,2.94,100
20240207,SH.510050,09:58:23.806,2.939,1200
20240207,SH.510050,09:58:25.434,2.939,600
20240207,SH.510050,09:58:25.015,2.939,400
20240207,SH.510050,09:58:28.384,2.937,200
20240207,SH.510050,09:58:28.877,2.938,700
20240207,SH.510050,09:58:32.657,2.936,400
20240207,SH.510050,09:58:30.765,2.937,2000
20240207,SH.510050,09:58:32.843,2.937,100
20240207,SH.510050,09:58:35.816,2.936,100
20240207,SH.510050,09:58:33.691,2.936,400
20240207,SH.510050,09:58:33.850,2.936,700
20240207,SH.510050,09:58:37.867,2.936,1000
20240207,SH.510050,09:58:41.549,2.936,800
20240207,SH.510050,09:58:39.114,2.937,400
20240207,SH.510050,09:58:41.818,2.937,300
20240207,SH.510050,09:58:39.973,2.936,900
20240207,SH.510050,09:58:43.534,2.936,600
20240207,SH.510050,09:58:48.010,2.938,100
20240207,SH.510050,09:58:48.044,2.938,500
20240207,SH.510050,09:58:48.072,2.938,1000
20240207,SH.510050,09:58:49.693,2.937,300
20240207,SH.510050,09:58:51.199,2.937,200
20240207,SH.510050,09:58:52.698,2.938,3000
20240207,SH.510050,09:58:55.425,2.937,1200
20240207,SH.510050,09:58:56.628,2.937,100
20240207,SH.510050,09:59:00.814,2.939,900
20240207,SH.510050,09:59:02.104,2.938,100
20240207,SH.510050,09:59:11.278,2.939,2500
20240207,SH.510050,09:59:09.028,2.939,3000
20240207,SH.510050,09:59:09.603,2.94,500
20240207,SH.510050,09:59:13.172,2.941,3400
20240207,SH.510050,09:59:15.963,2.939,1500
20240207,SH.510050,09:59:16.891,2.939,400
20240207,SH.510050,09:59:18.363,2.939,500
20240207,SH.510050,09:59:22.560,2.937,5000
20240207,SH.510050,09:59:22.192,2.938,100
20240207,SH.510050,09:59:26.046,2.936,1200
20240207,SH.510050,09:59:24.166,2.935,1500
20240207,SH.510050,09:59:28.971,2.935,300
20240207,SH.510050,09:59:29.749,2.934,800
20240207,SH.510050,09:59:30.394,2.935,1000
20240207,SH.510050,09:59:34.773,2.936,1000
20240207,SH.510050,09:59:41.308,2.937,300
20240207,SH.510050,09:59:44.588,2.937,100
20240207,SH.510050,09:59:46.785,2.936,1500
20240207,SH.510050,09:59:49.754,2.937,1500
20240207,SH.510050,09:59:48.566,2.936,5000
20240207,SH.510050,09:59:52.436,2.935,700
20240207,SH.510050,09:59:56.877,2.935,200
20240207,SH.510050,09:59:55.867,2.935,1500
20240207,SH.510050,09:59:59.480,2.935,2100
20240207,SH.510050,09:59:59.062,2.934,1200
20240207,SH.510050,09:59:59.633,2.935,200
20240207,SH.510050,10:00:02.873,2.935,200
20240207,SH.510050,10:00:01.701,2.934,400
20240207,SH.510050,10:00:03.576,2.935,800
20240207,SH.510050,10:00:06.085,2.935,300
20240207,SH.510050,10:00:08.603,2.934,900
20240207,SH.510050,10:00:08.287,2.935,600
20240207,SH.510050,10:00:10.244,2.934,2000
20240207,SH.510050,10:00:11.796,2.934,4000
20240207,SH.510050,10:00:09.714,2.935,800
20240207,SH.510050,10:00:09.184,2.934,500
20240207,SH.510050,10:00:13.537,2.935,5000
20240207,SH.510050,10:00:12.006,2.935,800
20240207,SH.510050,10:00:13.970,2.935,900
20240207,SH.510050,10:00:15.166,2.932,500
20240207,SH.510050,10:00:15.107,2.932,2600
20240207,SH.510050,10:00:19.200,2.932,1000
20240207,SH.510050,10:00:19.132,2.932,1200
20240207,SH.510050,10:00:20.445,2.932,2500
20240207,SH.510050,10:00:23.249,2.933,1200
20240207,SH.510050,10:00:21.623,2.932,900
20240207,SH.510050,10:00:23.397,2.933,2000
20240207,SH.510050,10:00:26.663,2.932,400
20240207,SH.510050,10:00:25.281,2.931,1000
20240207,SH.510050,10:00:29.176,2.93,1000
20240207,SH.510050,10:00:29.728,2.93,100
20240207,SH.510050,10:00:31.145,2.929,600
20240207,SH.510050,10:00:30.525,2.929,300
20240207,SH.510050,10:00:32.601,2.93,1000
20240207,SH.510050,10:00:35.200,2.931,1900
20240207,SH.510050,10:00:36.602,2.932,400
20240207,SH.510050,10:00:38.456,2.931,100
20240207,SH.510050,10:00:41.487,2.931,3500
20240207,SH.510050,10:00:40.588,2.931,2000
20240207,SH.510050,10:00:40.011,2.932,5000
20240207,SH.510050,10:00:42.065,2.933,1200
20240207,SH.510050,10:00:43.048,2.933,500
20240207,SH.510050,10:00:46.204,2.933,800
20240207,SH.510050,10:00:53.700,2.934,400
20240207,SH.510050,10:00:53.645,2.933,1300
20240207,SH.510050,10:00:52.635,2.934,1500
20240207,SH.510050,10:00:53.387,2.933,100
20240207,SH.510050,10:00:55.458,2.934,2000
20240207,SH.510050,10:00:57.285,2.932,1200
20240207,SH.510050,10:00:59.163,2.933,600
20240207,SH.510050,10:01:02.975,2.931,1000
20240207,SH.510050,10:01:05.845,2.932,1500
20240207,SH.510050,10:01:06.109,2.932,1800
20240207,SH.510050,10:01:10.174,2.931,600
20240207,SH.510050,10:01:09.375,2.932,600
20240207,SH.510050,10:01:11.638,2.931,4000
20240207,SH.510050,10:01:16.655,2.928,300
20240207,SH.510050,10:01:16.090,2.928,2000
20240207,SH.510050,10:01:16.019,2.928,500
20240207,SH.510050,10:01:20.451,2.928,500
20240207,SH.510050,10:01:23.383,2.927,600
20240207,SH.510050,10:01:24.811,2.928,2000
20240207,SH.510050,10:01:26.391,2.928,900
20240207,SH.510050,10:01:29.283,2.927,1500
20240207,SH.510050,10:01:34.477,2.927,300
20240207,SH.510050,10:01:34.941,2.927,400
20240207,SH.510050,10:01:34.609,2.926,5000
20240207,SH.510050,10:01:40.572,2.927,500
20240207,SH.510050,10:01:41.984,2.927,2000
20240207,SH.510050,10:01:39.087,2.927,4000
20240207,SH.510050,10:01:41.348,2.926,1500
20240207,SH.510050,10:01:43.847,2.927,100
20240207,SH.510050,10:01:47.152,2.925,300
20240207,SH.510050,10:01:47.444,2.926,500
20240207,SH.510050,10:01:47.725,2.926,3200
20240207,SH.510050,10:01:51.716,2.926,400
20240207,SH.510050,10:01:56.878,2.926,900
20240207,SH.510050,10:01:54.388,2.927,2000
20240207,SH.510050,10:01:59.218,2.928,500
20240207,SH.510050,10:02:07.365,2.927,2000
20240207,SH.510050,10:02:13.360,2.928,1100
20240207,SH.510050,10:02:16.720,2.927,2000
20240207,SH.510050,10:02:15.960,2.927,200
20240207,SH.510050,10:02:20.401,2.928,600
20240207,SH.510050,10:02:18.957,2.927,800
20240207,SH.510050,10:02:21.532,2.927,500
20240207,SH.510050,10:02:21.472,2.928,300
20240207,SH.510050,10:02:23.897,2.928,900
20240207,SH.510050,10:02:21.656,2.928,100
20240207,SH.510050,10:02:26.741,2.929,300
20240207,SH.510050,10:02:26.090,2.928,1200
20240207,SH.510050,10:02:26.708,2.929,2500
20240207,SH.510050,10:02:26.769,2.928,200
20240207,SH.510050,10:02:25.350,2.928,300
20240207,SH.510050,10:02:27.239,2.928,1000
20240207,SH.510050,10:02:32.793,2.928,5000
20240207,SH.510050,10:02:32.243,2.928,400
20240207,SH.510050,10:02:35.652,2.929,2500
20240207,SH.510050,10:02:37.735,2.928,2500
20240207,SH.510050,10:02:39.540,2.927,400
20240207,SH.510050,10:02:39.518,2.928,2500
20240207,SH.510050,10:02:43.682,2.93,100
20240207,SH.510050,10:02:44.175,2.93,500
20240207,SH.510050,10:02:42.569,2.93,400
20240207,SH.510050,10:02:49.227,2.93,1000
20240207,SH.510050,10:02:53.690,2.93,900
20240207,SH.510050,10:02:51.154,2.93,300
20240207,SH.510050,10:02:51.822,2.93,1000
20240207,SH.510050,10:02:53.393,2.929,1500
20240207,SH.510050,10:02:56.787,2.929,1500
20240207,SH.510050,10:02:59.510,2.928,1000
20240207,SH.510050,10:02:57.274,2.928,3000
20240207,SH.510050,10:03:02.066,2.928,3000
20240207,SH.510050,10:03:00.982,2.928,100
20240207,SH.510050,10:03:03.920,2.929,200
20240207,SH.510050,10:03:08.568,2.93,100
20240207,SH.510050,10:03:07.180,2.93,600
20240207,SH.510050,10:03:10.982,2.928,500
20240207,SH.510050,10:03:13.628,2.927,400
20240207,SH.510050,10:03:13.112,2.927,800
20240207,SH.510050,10:03:13.207,2.927,800
20240207,SH.510050,10:03:12.043,2.927,100
20240207,SH.510050,10:03:15.324,2.926,200
20240207,SH.510050,10:03:17.683,2.925,700
20240207,SH.510050,10:03:18.154,2.925,300
20240207,SH.510050,10:03:20.585,2.925,400
20240207,SH.510050,10:03:21.793,2.924,2500
20240207,SH.510050,10:03:26.815,2.924,500
20240207,SH.510050,10:03:27.144,2.925,1500
20240207,SH.510050,10:03:32.022,2.926,200
20240207,SH.510050,10:03:34.241,2.927,200
20240207,SH.510050,10:03:34.835,2.927,500
20240207,SH.510050,10:03:39.005,2.931,100
20240207,SH.510050,10:03:40.595,2.932,2000
20240207,SH.510050,10:03:43.774,2.932,200
20240207,SH.510050,10:03:55.274,2.933,4400
20240207,SH.510050,10:03:58.477,2.935,500
20240207,SH.510050,10:03:58.342,2.935,1200
20240207,SH.510050,10:04:00.290,2.935,2000
20240207,SH.510050,10:04:00.450,2.935,400
20240207,SH.510050,10:04:03.792,2.936,2500
20240207,SH.510050,10:04:04.359,2.937,800
20240207,SH.510050,10:04:08.199,2.934,600
20240207,SH.510050,10:04:08.982,2.934,1000
20240207,SH.510050,10:04:07.849,2.935,1500
20240207,SH.510050,10:04:14.361,2.934,300
20240207,SH.510050,10:04:20.418,2.936,500
20240207,SH.510050,10:04:23.810,2.934,2000
20240207,SH.510050,10:04:21.976,2.934,700
20240207,SH.510050,10:04:24.100,2.937,600
20240207,SH.510050,10:04:24.556,2.936,1000
20240207,SH.510050,10:04:24.862,2.936,2500
20240207,SH.510050,10:04:26.250,2.936,3700
20240207,SH.510050,10:04:29.416,2.937,500
20240207,SH.510050,10:04:28.705,2.936,1000
20240207,SH.510050,10:04:28.065,2.936,100
20240207,SH.510050,10:04:32.102,2.937,1700
20240207,SH.510050,10:04:33.934,2.937,600
20240207,SH.510050,10:04:34.100,2.938,400
20240207,SH.510050,10:04:36.897,2.937,3000
20240207,SH.510050,10:04:38.240,2.938,1000
20240207,SH.510050,10:04:37.145,2.937,200
20240207,SH.510050,10:04:43.280,2.939,3000
20240207,SH.510050,10:04:53.953,2.938,300
20240207,SH.510050,10:04:56.807,2.937,1200
20240207,SH.510050,10:04:54.123,2.938,1200
20240207,SH.510050,10:04:54.501,2.937,500
20240207,SH.510050,10:04:56.177,2.937,2000
20240207,SH.510050,10:04:59.351,2.937,400
20240207,SH.510050,10:04:57.180,2.938,100
20240207,SH.510050,10:05:02.253,2.939,500
20240207,SH.510050,10:05:04.742,2.94,800
20240207,SH.510050,10:05:04.635,2.94,100
20240207,SH.510050,10:05:04.624,2.939,600
20240207,SH.510050,10:05:08.379,2.939,1000
20240207,SH.510050,10:05:06.691,2.939,300
20240207,SH.510050,10:05:13.551,2.938,100
20240207,SH.510050,10:05:14.034,2.937,1000
20240207,SH.510050,10:05:14.707,2.938,300
20240207,SH.510050,10:05:12.437,2.938,1500
20240207,SH.510050,10:05:15.345,2.936,100
20240207,SH.510050,10:05:15.824,2.937,600
20240207,SH.510050,10:05:17.743,2.936,1000
20240207,SH.510050,10:05:16.288,2.936,100
20240207,SH.510050,10:05:19.826,2.937,500
20240207,SH.510050,10:05:20.602,2.936,400
20240207,SH.510050,10:05:21.319,2.938,500
20240207,SH.510050,10:05:21.167,2.938,500
20240207,SH.510050,10:05:21.235,2.939,3000
20240207,SH.510050,10:05:24.989,2.938,1200
20240207,SH.510050,10:05:26.885,2.938,400
20240207,SH.510050,10:05:24.500,2.938,100
20240207,SH.510050,10:05:28.943,2.937,200
20240207,SH.510050,10:05:28.119,2.937,1000
20240207,SH.510050,10:05:31.717,2.937,1400
20240207,SH.510050,10:05:30.452,2.936,200
20240207,SH.510050,10:05:31.738,2.936,500
20240207,SH.510050,10:05:31.945,2.936,300
20240207,SH.510050,10:05:34.324,2.939,5000
20240207,SH.510050,10:05:36.368,2.937,1100
20240207,SH.510050,10:05:37.099,2.938,300
20240207,SH.510050,10:05:37.863,2.938,500
20240207,SH.510050,10:05:38.142,2.937,400
20240207,SH.510050,10:05:37.661,2.937,100
20240207,SH.510050,10:05:39.431,2.937,300
20240207,SH.510050,10:05:41.259,2.938,800
20240207,SH.510050,10:05:44.485,2.938,300
20240207,SH.510050,10:05:43.742,2.938,1500
20240207,SH.510050,10:05:46.972,2.937,2000
20240207,SH.510050,10:05:50.664,2.938,400
20240207,SH.510050,10:05:50.529,2.939,1000
20240207,SH.510050,10:05:53.828,2.939,1500
20240207,SH.510050,10:05:55.494,2.94,800
20240207,SH.510050,10:05:54.566,2.94,600
20240207,SH.510050,10:05:58.862,2.942,600
20240207,SH.510050,10:05:58.982,2.943,2000
20240207,SH.510050,10:05:57.413,2.943,400
20240207,SH.510050,10:06:02.470,2.943,200
20240207,SH.510050,10:06:01.915,2.943,500
20240207,SH.510050,10:06:05.373,2.943,900
20240207,SH.510050,10:06:05.346,2.943,1000
20240207,SH.510050,10:06:09.344,2.943,100
20240207,SH.510050,10:06:14.863,2.943,2000
20240207,SH.510050,10:06:12.068,2.943,3000
20240207,SH.510050,10:06:14.736,2.943,600
20240207,SH.510050,10:06:16.733,2.944,200
20240207,SH.510050,10:06:15.973,2.943,900
20240207,SH.510050,10:06:20.640,2.942,600
20240207,SH.510050,10:06:20.561,2.943,600
20240207,SH.510050,10:06:21.274,2.943,1500
20240207,SH.510050,10:06:22.222,2.942,400
20240207,SH.510050,10:06:22.428,2.943,300
20240207,SH.510050,10:06:24.358,2.943,1100
20240207,SH.510050,10:06:28.731,2.943,200
20240207,SH.510050,10:06:32.685,2.945,1200
20240207,SH.510050,10:06:31.763,2.944,3900
20240207,SH.510050,10:06:34.693,2.942,1200
20240207,SH.510050,10:06:34.435,2.943,5000
20240207,SH.510050,10:06:36.909,2.944,1300
20240207,SH.510050,10:06:44.310,2.944,200
20240207,SH.510050,10:06:46.954,2.943,1000
20240207,SH.510050,10:06:47.475,2.943,300
20240207,SH.510050,10:06:54.687,2.939,1500
20240207,SH.510050,10:06:56.134,2.94,400
20240207,SH.510050,10:06:54.925,2.94,400
20240207,SH.510050,10:06:55.411,2.94,500
20240207,SH.510050,10:07:01.887,2.94,700
20240207,SH.510050,10:07:00.644,2.939,2500
20240207,SH.510050,10:07:05.218,2.94,5000
20240207,SH.510050,10:07:07.695,2.942,200
20240207,SH.510050,10:07:14.350,2.941,400
20240207,SH.510050,10:07:13.983,2.94,300
20240207,SH.510050,10:07:13.637,2.941,5000
20240207,SH.510050,10:07:14.310,2.941,2000
20240207,SH.510050,10:07:16.821,2.941,2000
20240207,SH.510050,10:07:20.341,2.939,3100
20240207,SH.510050,10:07:18.039,2.939,800
20240207,SH.510050,10:07:18.796,2.94,300
20240207,SH.510050,10:07:21.731,2.938,200
20240207,SH.510050,10:07:23.054,2.939,3000
20240207,SH.510050,10:07:22.045,2.939,1500
20240207,SH.510050,10:07:23.553,2.939,800
20240207,SH.510050,10:07:21.468,2.939,3000
20240207,SH.510050,10:07:24.426,2.937,600
20240207,SH.510050,10:07:25.058,2.937,1400
20240207,SH.510050,10:07:27.314,2.937,3000
20240207,SH.510050,10:07:27.348,2.936,1000
20240207,SH.510050,10:07:28.678,2.936,1000
20240207,SH.510050,10:07:30.989,2.937,300
20240207,SH.510050,10:07:32.363,2.938,300
20240207,SH.510050,10:07:35.208,2.938,200
20240207,SH.510050,10:07:33.268,2.939,300
20240207,SH.510050,10:07:34.553,2.938,700
20240207,SH.510050,10:07:37.057,2.937,1200
20240207,SH.510050,10:07:38.052,2.938,800
20240207,SH.510050,10:07:41.697,2.937,200
20240207,SH.510050,10:07:39.032,2.937,1200
20240207,SH.510050,10:07:43.923,2.938,500
20240207,SH.510050,10:07:44.992,2.938,1500
20240207,SH.510050,10:07:44.046,2.937,1000
20240207,SH.510050,10:07:50.798,2.937,900
20240207,SH.510050,10:07:49.034,2.938,300
20240207,SH.510050,10:07:49.528,2.937,100
20240207,SH.510050,10:07:52.159,2.938,800
20240207,SH.510050,10:08:01.357,2.936,5000
20240207,SH.510050,10:08:05.543,2.936,300
20240207,SH.510050,10:08:07.181,2.936,400
20240207,SH.510050,10:08:08.078,2.936,2200
20240207,SH.510050,10:08:11.834,2.935,100
20240207,SH.510050,10:08:09.856,2.936,200
20240207,SH.510050,10:08:09.482,2.936,1500
20240207,SH.510050,10:08:13.881,2.935,400
20240207,SH.510050,10:08:17.265,2.936,600
20240207,SH.510050,10:08:19.760,2.938,300
20240207,SH.510050,10:08:22.183,2.939,1000
20240207,SH.510050,10:08:24.512,2.938,1000
20240207,SH.510050,10:08:26.037,2.938,1500
20240207,SH.510050,10:08:29.414,2.937,500
20240207,SH.510050,10:08:28.516,2.937,300
20240207,SH.510050,10:08:29.697,2.937,4000
20240207,SH.510050,10:08:29.363,2.937,600
20240207,SH.510050,10:08:30.480,2.937,3000
20240207,SH.510050,10:08:33.496,2.936,400
20240207,SH.510050,10:08:35.822,2.936,2500
20240207,SH.510050,10:08:42.517,2.934,600
20240207,SH.510050,10:08:44.199,2.935,300
20240207,SH.510050,10:08:44.865,2.935,1900
20240207,SH.510050,10:08:45.196,2.934,2000
20240207,SH.510050,10:08:46.358,2.934,500
20240207,SH.510050,10:08:48.666,2.935,600
20240207,SH.510050,10:08:51.176,2.933,300
20240207,SH.510050,10:09:02.767,2.932,1000
20240207,SH.510050,10:09:00.031,2.932,1200
20240207,SH.510050,10:09:04.633,2.933,300
20240207,SH.510050,10:09:08.491,2.932,100
20240207,SH.510050,10:09:08.104,2.933,1200
20240207,SH.510050,10:09:07.714,2.933,300
20240207,SH.510050,10:09:12.256,2.934,800
20240207,SH.510050,10:09:13.968,2.934,800
20240207,SH.510050,10:09:13.780,2.934,500
20240207,SH.510050,10:09:16.962,2.934,100
20240207,SH.510050,10:09:16.955,2.934,1000
20240207,SH.510050,10:09:18.735,2.935,1000
20240207,SH.510050,10:09:19.729,2.934,600
20240207,SH.510050,10:09:21.929,2.936,1000
20240207,SH.510050,10:09:21.885,2.936,100
20240207,SH.510050,10:09:25.350,2.936,900
20240207,SH.510050,10:09:25.413,2.935,1000
20240207,SH.510050,10:09:27.170,2.936,500
20240207,SH.510050,10:09:31.155,2.936,300
20240207,SH.510050,10:09:30.478,2.936,3300
20240207,SH.510050,10:09:32.180,2.936,1200
20240207,SH.510050,10:09:35.380,2.936,900
20240207,SH.510050,10:09:34.534,2.936,100
20240207,SH.510050,10:09:34.056,2.936,800
20240207,SH.510050,10:09:38.071,2.937,1500
20240207,SH.510050,10:09:36.190,2.936,300
20240207,SH.510050,10:09:48.013,2.937,4000
20240207,SH.510050,10:09:52.414,2.936,300
20240207,SH.510050,10:09:55.144,2.937,2000
20240207,SH.510050,10:09:54.257,2.937,900
20240207,SH.510050,10:10:00.386,2.935,1500
20240207,SH.510050,10:10:02.456,2.936,1200
20240207,SH.510050,10:10:03.285,2.935,1500
20240207,SH.510050,10:10:07.456,2.935,1200
20240207,SH.510050,10:10:11.283,2.934,4000
20240207,SH.510050,10:10:17.431,2.933,2000
20240207,SH.510050,10:10:15.165,2.933,300
20240207,SH.510050,10:10:19.125,2.932,900
20240207,SH.510050,10:10:20.496,2.933,100
20240207,SH.510050,10:10:25.977,2.932,600
20240207,SH.510050,10:10:26.740,2.932,500
20240207,SH.510050,10:10:29.575,2.932,100
20240207,SH.510050,10:10:32.708,2.931,800
20240207,SH.510050,10:10:32.622,2.931,200
20240207,SH.510050,10:10:35.661,2.931,400
20240207,SH.510050,10:10:35.004,2.931,100
20240207,SH.510050,10:10:33.960,2.931,900
20240207,SH.510050,10:10:37.555,2.93,4000
20240207,SH.510050,10:10:38.144,2.93,100
20240207,SH.510050,10:10:43.567,2.93,300
20240207,SH.510050,10:10:47.888,2.929,300
20240207,SH.510050,10:10:49.491,2.929,100
20240207,SH.510050,10:10:48.099,2.93,200
20240207,SH.510050,10:10:53.432,2.929,500
20240207,SH.510050,10:10:55.660,2.929,2200
20240207,SH.510050,10:10:57.885,2.928,2500
20240207,SH.510050,10:10:59.191,2.927,1000
20240207,SH.510050,10:11:02.811,2.928,100
20240207,SH.510050,10:11:00.030,2.928,300
20240207,SH.510050,10:11:00.954,2.929,5000
20240207,SH.510050,10:11:05.469,2.928,1200
20240207,SH.510050,10:11:04.773,2.927,4000
20240207,SH.510050,10:11:07.616,2.929,3000
20240207,SH.510050,10:11:08.343,2.929,500
20240207,SH.510050,10:11:06.827,2.928,600
20240207,SH.510050,10:11:11.006,2.929,500
20240207,SH.510050,10:11:09.019,2.929,500
20240207,SH.510050,10:11:13.640,2.929,1500
20240207,SH.510050,10:11:13.825,2.93,1000
20240207,SH.510050,10:11:18.980,2.929,400
20240207,SH.510050,10:11:20.308,2.928,2000
20240207,SH.510050,10:11:22.028,2.929,400
20240207,SH.510050,10:11:23.663,2.929,100
20240207,SH.510050,10:11:22.994,2.929,200
20240207,SH.510050,10:11:29.919,2.926,500
20240207,SH.510050,10:11:31.530,2.927,2000
20240207,SH.510050,10:11:31.634,2.927,3000
20240207,SH.510050,10:11:33.883,2.927,200
20240207,SH.510050,10:11:39.732,2.927,2000
20240207,SH.510050,10:11:44.863,2.928,3400
20240207,SH.510050,10:11:47.562,2.927,1200
20240207,SH.510050,10:11:50.397,2.925,500
20240207,SH.510050,10:11:48.522,2.926,200
20240207,SH.510050,10:11:56.815,2.927,100
20240207,SH.510050,10:11:54.824,2.926,300
20240207,SH.510050,10:11:55.029,2.926,5000
20240207,SH.510050,10:12:04.792,2.929,300
20240207,SH.510050,10:12:06.971,2.928,3300
20240207,SH.510050,10:12:10.800,2.927,3000
20240207,SH.510050,10:12:10.274,2.927,2200
20240207,SH.510050,10:12:14.671,2.928,3000
20240207,SH.510050,10:12:15.751,2.928,3200
20240207,SH.510050,10:12:17.647,2.928,1200
20240207,SH.510050,10:12:15.319,2.928,3000
20240207,SH.510050,10:12:15.503,2.927,1900
20240207,SH.510050,10:12:21.785,2.925,500
20240207,SH.510050,10:12:21.437,2.926,500
20240207,SH.510050,10:12:26.468,2.925,100
20240207,SH.510050,10:12:27.319,2.925,800
20240207,SH.510050,10:12:27.488,2.924,100
20240207,SH.510050,10:12:31.294,2.924,500
20240207,SH.510050,10:12:33.844,2.924,300
20240207,SH.510050,10:12:33.701,2.924,500
20240207,SH.510050,10:12:36.795,2.924,100
20240207,SH.510050,10:12:37.341,2.925,2000
20240207,SH.510050,10:12:38.335,2.924,2800
20240207,SH.510050,10:12:36.553,2.925,1500
20240207,SH.510050,10:12:40.092,2.924,1600
20240207,SH.510050,10:12:41.533,2.924,100
20240207,SH.510050,10:12:50.009,2.922,3000
20240207,SH.510050,10:12:51.725,2.924,500
20240207,SH.510050,10:12:51.432,2.923,1200
20240207,SH.510050,10:12:55.745,2.923,700
20240207,SH.510050,10:12:59.464,2.923,200
20240207,SH.510050,10:12:59.892,2.923,2500
20240207,SH.510050,10:12:57.461,2.923,800
20240207,SH.510050,10:13:01.281,2.923,600
20240207,SH.510050,10:13:08.043,2.924,1500
20240207,SH.510050,10:13:06.503,2.924,1200
20240207,SH.510050,10:13:07.774,2.924,3000
20240207,SH.510050,10:13:07.459,2.923,800
20240207,SH.510050,10:13:07.508,2.923,2500
20240207,SH.510050,10:13:14.558,2.925,300
20240207,SH.510050,10:13:17.404,2.925,4000
20240207,SH.510050,10:13:18.715,2.926,2000
20240207,SH.510050,10:13:22.435,2.927,100
20240207,SH.510050,10:13:26.181,2.926,100
20240207,SH.510050,10:13:25.719,2.925,500
20240207,SH.510050,10:13:26.954,2.925,4000
20240207,SH.510050,10:13:26.848,2.925,300
20240207,SH.510050,10:13:26.850,2.925,1500
20240207,SH.510050,10:13:28.696,2.924,700
20240207,SH.510050,10:13:29.355,2.924,200
20240207,SH.510050,10:13:35.040,2.925,2000
20240207,SH.510050,10:13:35.816,2.925,1000
20240207,SH.510050,10:13:33.369,2.925,200
20240207,SH.510050,10:13:37.074,2.923,400
20240207,SH.510050,10:13:38.572,2.923,500
20240207,SH.510050,10:13:41.787,2.922,200
20240207,SH.510050,10:13:41.055,2.921,200
20240207,SH.510050,10:13:43.637,2.922,300
20240207,SH.510050,10:13:46.880,2.922,900
20240207,SH.510050,10:13:48.551,2.922,3000
20240207,SH.510050,10:13:48.727,2.922,200
20240207,SH.510050,10:13:51.644,2.922,300
20240207,SH.510050,10:13:53.581,2.921,900
20240207,SH.510050,10:13:55.737,2.923,800
20240207,SH.510050,10:13:58.564,2.923,1000
20240207,SH.510050,10:13:57.261,2.923,1500
20240207,SH.510050,10:14:01.816,2.924,600
20240207,SH.510050,10:14:02.701,2.924,400
20240207,SH.510050,10:14:00.659,2.924,1100
20240207,SH.510050,10:14:06.565,2.925,500
20240207,SH.510050,10:14:09.370,2.922,2000
20240207,SH.510050,10:14:10.564,2.923,300
20240207,SH.510050,10:14:14.483,2.923,4000
20240207,SH.510050,10:14:14.570,2.923,600
20240207,SH.510050,10:14:13.769,2.922,2500
20240207,SH.510050,10:14:16.797,2.922,600
20240207,SH.510050,10:14:20.393,2.923,1000
20240207,SH.510050,10:14:23.077,2.92,5000
20240207,SH.510050,10:14:23.232,2.92,5000
20240207,SH.510050,10:14:21.861,2.92,500
20240207,SH.510050,10:14:26.842,2.922,800
20240207,SH.510050,10:14:25.507,2.921,200
20240207,SH.510050,10:14:27.926,2.923,3600
20240207,SH.510050,10:14:30.992,2.923,200
20240207,SH.510050,10:14:31.212,2.922,1000
20240207,SH.510050,10:14:31.521,2.922,1500
20240207,SH.510050,10:14:34.432,2.922,1500
20240207,SH.510050,10:14:34.827,2.922,900
20240207,SH.510050,10:14:37.242,2.923,300
20240207,SH.510050,10:14:37.703,2.922,2500
20240207,SH.510050,10:14:37.363,2.922,300
20240207,SH.510050,10:14:39.952,2.923,2000
20240207,SH.510050,10:14:44.153,2.923,5000
20240207,SH.510050,10:14:43.822,2.923,2000
20240207,SH.510050,10:14:42.550,2.924,200
20240207,SH.510050,10:14:47.800,2.926,600
20240207,SH.510050,10:14:46.120,2.926,100
20240207,SH.510050,10:14:50.143,2.925,400
20240207,SH.510050,10:14:50.632,2.925,4000
20240207,SH.510050,10:14:49.909,2.926,300
20240207,SH.510050,10:14:52.598,2.925,400
20240207,SH.510050,10:14:56.289,2.927,300
20240207,SH.510050,10:14:54.099,2.926,2000
20240207,SH.510050,10:14:56.802,2.927,200
20240207,SH.510050,10:14:57.338,2.925,4100
20240207,SH.510050,10:14:57.709,2.925,4000
20240207,SH.510050,10:15:01.680,2.924,4000
20240207,SH.510050,10:15:05.094,2.925,200
20240207,SH.510050,10:15:05.387,2.926,600
20240207,SH.510050,10:15:04.944,2.925,500
20240207,SH.510050,10:15:05.052,2.926,400
20240207,SH.510050,10:15:09.015,2.926,1000
20240207,SH.510050,10:15:12.607,2.928,400
20240207,SH.510050,10:15:17.423,2.927,800
20240207,SH.510050,10:15:15.593,2.927,1900
20240207,SH.510050,10:15:17.177,2.926,200
20240207,SH.510050,10:15:21.470,2.926,100
20240207,SH.510050,10:15:24.278,2.925,1600
20240207,SH.510050,10:15:29.075,2.923,700
20240207,SH.510050,10:15:30.161,2.925,500
20240207,SH.510050,10:15:31.702,2.925,600
20240207,SH.510050,10:15:32.712,2.924,1500
20240207,SH.510050,10:15:32.321,2.924,1000
20240207,SH.510050,10:15:34.604,2.925,300
20240207,SH.510050,10:15:36.890,2.924,1200
20240207,SH.510050,10:15:41.440,2.925,300
20240207,SH.510050,10:15:42.690,2.924,800
20240207,SH.510050,10:15:42.622,2.925,3400
20240207,SH.510050,10:15:45.725,2.925,500
20240207,SH.510050,10:15:49.399,2.925,200
20240207,SH.510050,10:15:53.058,2.926,2000
20240207,SH.510050,10:15:51.270,2.926,2200
20240207,SH.510050,10:15:51.375,2.926,1200
20240207,SH.510050,10:15:56.303,2.927,3000
20240207,SH.510050,10:15:56.185,2.926,500
20240207,SH.510050,10:15:56.968,2.927,400
20240207,SH.510050,10:15:55.302,2.927,100
20240207,SH.510050,10:15:57.946,2.927,300
20240207,SH.510050,10:16:00.922,2.927,2000
20240207,SH.510050,10:16:02.697,2.926,300
20240207,SH.510050,10:16:04.929,2.928,400
20240207,SH.510050,10:16:04.475,2.927,2500
20240207,SH.510050,10:16:07.086,2.927,300
20240207,SH.510050,10:16:06.165,2.928,200
20240207,SH.510050,10:16:06.051,2.927,700
20240207,SH.510050,10:16:10.110,2.928,400
20240207,SH.510050,10:16:17.692,2.93,600
20240207,SH.510050,10:16:18.298,2.931,1100
20240207,SH.510050,10:16:20.766,2.93,100
20240207,SH.510050,10:16:19.540,2.931,200
20240207,SH.510050,10:16:22.579,2.93,300
20240207,SH.510050,10:16:24.117,2.932,800
20240207,SH.510050,10:16:24.573,2.931,200
20240207,SH.510050,10:16:25.829,2.931,100
20240207,SH.510050,10:16:26.792,2.931,3000
20240207,SH.510050,10:16:29.312,2.932,200
20240207,SH.510050,10:16:31.134,2.932,5000
20240207,SH.510050,10:16:31.830,2.932,1000
20240207,SH.510050,10:16:32.161,2.933,100
20240207,SH.510050,10:16:30.715,2.933,1000
20240207,SH.510050,10:16:33.481,2.934,1200
20240207,SH.510050,10:16:37.395,2.933,2500
20240207,SH.510050,10:16:37.620,2.934,1500
20240207,SH.510050,10:16:37.240,2.933,200
20240207,SH.510050,10:16:39.294,2.933,2000
20240207,SH.510050,10:16:45.820,2.935,100
20240207,SH.510050,10:16:46.262,2.935,1000
20240207,SH.510050,10:16:48.658,2.934,900
20240207,SH.510050,10:16:50.522,2.935,1900
20240207,SH.510050,10:16:56.300,2.934,900
20240207,SH.510050,10:16:54.426,2.933,900
20240207,SH.510050,10:16:54.766,2.933,100
20240207,SH.510050,10:16:59.180,2.933,1500
20240207,SH.510050,10:16:57.410,2.933,500
20240207,SH.510050,10:16:57.042,2.932,3000
20240207,SH.510050,10:17:01.263,2.933,100
20240207,SH.510050,10:17:01.535,2.932,200
20240207,SH.510050,10:17:00.344,2.932,200
20240207,SH.510050,10:17:06.452,2.933,500
20240207,SH.510050,10:17:14.426,2.935,600
20240207,SH.510050,10:17:13.129,2.935,800
20240207,SH.510050,10:17:13.182,2.934,1500
20240207,SH.510050,10:17:20.277,2.933,200
20240207,SH.510050,10:17:18.615,2.933,300
20240207,SH.510050,10:17:18.599,2.933,100
20240207,SH.510050,10:17:22.946,2.933,600
20240207,SH.510050,10:17:23.003,2.934,300
20240207,SH.510050,10:17:26.008,2.933,600
20240207,SH.510050,10:17:26.635,2.933,300
20240207,SH.510050,10:17:28.716,2.933,300
20240207,SH.510050,10:17:31.999,2.933,800
20240207,SH.510050,10:17:30.103,2.933,1000
20240207,SH.510050,10:17:36.023,2.933,200
20240207,SH.510050,10:17:39.369,2.933,200
20240207,SH.510050,10:17:47.354,2.932,600
20240207,SH.510050,10:17:50.732,2.933,600
20240207,SH.510050,10:17:48.230,2.933,1500
20240207,SH.510050,10:17:49.575,2.932,1000
20240207,SH.510050,10:17:53.230,2.933,200
20240207,SH.510050,10:17:54.847,2.935,400
20240207,SH.510050,10:17:54.755,2.936,100
20240207,SH.510050,10:17:54.404,2.936,1000
20240207,SH.510050,10:17:59.927,2.934,300
20240207,SH.510050,10:17:59.205,2.935,400
20240207,SH.510050,10:17:58.284,2.934,300
20240207,SH.510050,10:17:57.834,2.934,400
20240207,SH.510050,10:17:58.737,2.934,200
20240207,SH.510050,10:18:02.319,2.935,3000
20240207,SH.510050,10:18:01.224,2.935,500
20240207,SH.510050,10:18:03.197,2.935,3000
20240207,SH.510050,10:18:03.460,2.935,200
20240207,SH.510050,10:18:08.694,2.935,200
20240207,SH.510050,10:18:07.358,2.936,600
20240207,SH.510050,10:18:06.970,2.936,900
20240207,SH.510050,10:18:11.668,2.934,2000
20240207,SH.510050,10:18:11.830,2.935,1500
20240207,SH.510050,10:18:14.318,2.933,300
20240207,SH.510050,10:18:15.184,2.934,4000
20240207,SH.510050,10:18:16.245,2.933,300
20240207,SH.510050,10:18:15.309,2.933,1200
20240207,SH.510050,10:18:21.469,2.932,2000
20240207,SH.510050,10:18:23.813,2.933,100
20240207,SH.510050,10:18:25.635,2.933,200
20240207,SH.510050,10:18:27.702,2.934,500
20240207,SH.510050,10:18:28.988,2.934,300
20240207,SH.510050,10:18:32.780,2.934,300
20240207,SH.510050,10:18:31.382,2.934,600
20240207,SH.510050,10:18:30.239,2.934,100
20240207,SH.510050,10:18:34.795,2.933,2000
20240207,SH.510050,10:18:44.641,2.937,1000
20240207,SH.510050,10:18:42.337,2.937,500
20240207,SH.510050,10:18:42.936,2.936,1000
20240207,SH.510050,10:18:48.995,2.936,600
20240207,SH.510050,10:18:52.339,2.937,1500
20240207,SH.510050,10:18:53.473,2.938,600
20240207,SH.510050,10:18:56.535,2.939,4000
20240207,SH.510050,10:18:54.812,2.938,800
20240207,SH.510050,10:18:56.602,2.939,1300
20240207,SH.510050,10:18:57.952,2.938,1000
20240207,SH.510050,10:18:58.499,2.938,1000
20240207,SH.510050,10:19:00.469,2.936,400
20240207,SH.510050,10:19:03.913,2.935,200
20240207,SH.510050,10:19:04.915,2.935,1200
20240207,SH.510050,10:19:08.740,2.936,1500
20240207,SH.510050,10:19:09.745,2.935,400
20240207,SH.510050,10:19:11.605,2.934,4000
20240207,SH.510050,10:19:12.810,2.934,3200
20240207,SH.510050,10:19:12.722,2.934,2000
20240207,SH.510050,10:19:19.096,2.935,200
20240207,SH.510050,10:19:19.815,2.936,2000
20240207,SH.510050,10:19:22.850,2.937,2000
20240207,SH.510050,10:19:25.677,2.938,100
20240207,SH.510050,10:19:26.571,2.937,2000
20240207,SH.510050,10:19:29.934,2.936,1500
20240207,SH.510050,10:19:28.443,2.937,600
20240207,SH.510050,10:19:32.475,2.936,800
20240207,SH.510050,10:19:32.478,2.935,600
20240207,SH.510050,10:19:35.234,2.937,200
20240207,SH.510050,10:19:33.151,2.938,1700
20240207,SH.510050,10:19:38.730,2.938,2500
20240207,SH.510050,10:19:38.275,2.937,400
20240207,SH.510050,10:19:40.356,2.938,1000
20240207,SH.510050,10:19:39.176,2.938,1000
20240207,SH.510050,10:19:41.836,2.939,800
20240207,SH.510050,10:19:41.644,2.938,2000
20240207,SH.510050,10:19:44.895,2.938,800
20240207,SH.510050,10:19:44.766,2.938,500
20240207,SH.510050,10:19:47.337,2.938,600
20240207,SH.510050,10:19:46.700,2.938,3000
20240207,SH.510050,10:19:48.588,2.937,800
20240207,SH.510050,10:19:51.768,2.938,100
20240207,SH.510050,10:19:53.114,2.938,700
20240207,SH.510050,10:19:55.455,2.938,2500
20240207,SH.510050,10:19:56.066,2.937,1000
20240207,SH.510050,10:19:54.082,2.937,100
20240207,SH.510050,10:19:56.471,2.938,3000
20240207,SH.510050,10:19:54.834,2.938,1000
20240207,SH.510050,10:19:56.083,2.938,300
20240207,SH.510050,10:19:58.731,2.937,400
20240207,SH.510050,10:19:59.919,2.938,1500
20240207,SH.510050,10:20:01.082,2.937,1000
20240207,SH.510050,10:20:02.916,2.938,700
20240207,SH.510050,10:20:00.260,2.937,800
20240207,SH.510050,10:20:03.020,2.937,1900
20240207,SH.510050,10:20:07.011,2.937,900
20240207,SH.510050,10:20:07.064,2.936,400
20240207,SH.510050,10:20:07.083,2.936,100
20240207,SH.510050,10:20:09.652,2.936,700
20240207,SH.510050,10:20:09.152,2.936,100
20240207,SH.510050,10:20:12.969,2.937,100
20240207,SH.510050,10:20:14.485,2.936,100
20240207,SH.510050,10:20:18.172,2.937,300
20240207,SH.510050,10:20:19.624,2.937,900
20240207,SH.510050,10:20:20.349,2.938,1000
20240207,SH.510050,10:20:26.562,2.937,100
20240207,SH.510050,10:20:24.422,2.937,500
20240207,SH.510050,10:20:28.799,2.935,1600
20240207,SH.510050,10:20:35.904,2.935,400
20240207,SH.510050,10:20:35.063,2.934,4000
20240207,SH.510050,10:20:36.122,2.936,1000
20240207,SH.510050,10:20:38.267,2.935,900
20240207,SH.510050,10:20:41.483,2.937,800
20240207,SH.510050,10:20:40.588,2.937,300
20240207,SH.510050,10:20:48.346,2.941,500
20240207,SH.510050,10:20:48.824,2.94,200
20240207,SH.510050,10:20:51.183,2.94,1500
20240207,SH.510050,10:20:52.846,2.94,2000
20240207,SH.510050,10:20:56.292,2.94,200
20240207,SH.510050,10:20:58.246,2.938,300
20240207,SH.510050,10:20:58.789,2.939,100
20240207,SH.510050,10:20:59.265,2.938,300
20240207,SH.510050,10:20:59.142,2.938,100
20240207,SH.510050,10:21:02.416,2.937,100
20240207,SH.510050,10:21:05.268,2.937,3000
20240207,SH.510050,10:21:04.592,2.937,200
20240207,SH.510050,10:21:04.976,2.937,1500
20240207,SH.510050,10:21:05.199,2.938,1000
20240207,SH.510050,10:21:08.084,2.938,200
20240207,SH.510050,10:21:06.509,2.938,5000
20240207,SH.510050,10:21:09.266,2.936,1000
20240207,SH.510050,10:21:11.946,2.936,400
20240207,SH.510050,10:21:09.182,2.936,600
20240207,SH.510050,10:21:10.080,2.936,600
20240207,SH.510050,10:21:14.155,2.938,600
20240207,SH.510050,10:21:16.351,2.936,100
20240207,SH.510050,10:21:16.540,2.936,2000
20240207,SH.510050,10:21:19.299,2.937,600
20240207,SH.510050,10:21:22.112,2.936,200
20240207,SH.510050,10:21:23.851,2.936,200
20240207,SH.510050,10:21:25.640,2.937,3000
20240207,SH.510050,10:21:25.223,2.937,100
20240207,SH.510050,10:21:26.086,2.936,1500
20240207,SH.510050,10:21:26.364,2.936,200
20240207,SH.510050,10:21:25.648,2.937,900
20240207,SH.510050,10:21:27.940,2.935,600
20240207,SH.510050,10:21:28.682,2.935,300
20240207,SH.510050,10:21:28.994,2.935,2000
20240207,SH.510050,10:21:31.203,2.934,3000
20240207,SH.510050,10:21:30.547,2.934,1000
20240207,SH.510050,10:21:36.657,2.935,1200
20240207,SH.510050,10:21:36.765,2.936,300
20240207,SH.510050,10:21:39.393,2.937,5000
20240207,SH.510050,10:21:40.364,2.936,200
20240207,SH.510050,10:21:39.189,2.936,1200
20240207,SH.510050,10:21:39.554,2.937,2300
20240207,SH.510050,10:21:43.909,2.935,300
20240207,SH.510050,10:21:44.735,2.935,1000
20240207,SH.510050,10:21:43.491,2.936,1500
20240207,SH.510050,10:21:43.411,2.936,100
20240207,SH.510050,10:21:42.637,2.935,2000
20240207,SH.510050,10:21:48.258,2.938,1800
20240207,SH.510050,10:21:51.535,2.938,500
20240207,SH.510050,10:21:51.707,2.937,700
20240207,SH.510050,10:21:54.689,2.937,1500
20240207,SH.510050,10:21:58.016,2.936,200
20240207,SH.510050,10:21:59.844,2.936,400
20240207,SH.510050,10:22:02.387,2.934,1100
20240207,SH.510050,10:22:01.863,2.935,400
20240207,SH.510050,10:22:04.617,2.933,4000
20240207,SH.510050,10:22:04.299,2.934,800
20240207,SH.510050,10:22:07.161,2.934,200
20240207,SH.510050,10:22:10.414,2.936,1700
20240207,SH.510050,10:22:13.273,2.936,1000
20240207,SH.510050,10:22:17.154,2.935,4000
20240207,SH.510050,10:22:20.822,2.935,100
20240207,SH.510050,10:22:19.263,2.935,200
20240207,SH.510050,10:22:19.793,2.935,3300
20240207,SH.510050,10:22:26.477,2.935,600
20240207,SH.510050,10:22:24.716,2.935,1000
20240207,SH.510050,10:22:24.029,2.935,900
20240207,SH.510050,10:22:24.911,2.935,1000
20240207,SH.510050,10:22:28.860,2.936,1000
20240207,SH.510050,10:22:28.731,2.936,1500
20240207,SH.510050,10:22:28.482,2.937,500
20240207,SH.510050,10:22:28.509,2.936,800
20240207,SH.510050,10:22:30.449,2.937,500
20240207,SH.510050,10:22:35.559,2.938,400
20240207,SH.510050,10:22:33.744,2.937,1500
20240207,SH.510050,10:22:36.363,2.937,100
20240207,SH.510050,10:22:36.159,2.938,200
20240207,SH.510050,10:22:37.281,2.938,600
20240207,SH.510050,10:22:39.194,2.938,1500
20240207,SH.510050,10:22:40.025,2.937,600
20240207,SH.510050,10:22:44.699,2.937,1200
20240207,SH.510050,10:22:43.013,2.938,700
20240207,SH.510050,10:22:47.455,2.939,2000
20240207,SH.510050,10:22:50.421,2.939,600
20240207,SH.510050,10:22:52.738,2.939,1500
20240207,SH.510050,10:22:55.993,2.938,2600
20240207,SH.510050,10:22:54.966,2.938,1000
20240207,SH.510050,10:22:56.572,2.939,300
20240207,SH.510050,10:22:57.513,2.938,300
20240207,SH.510050,10:22:57.524,2.938,400
20240207,SH.510050,10:22:57.567,2.938,400
20240207,SH.510050,10:23:01.674,2.939,300
20240207,SH.510050,10:23:00.028,2.938,4000
20240207,SH.510050,10:23:04.490,2.939,1500
20240207,SH.510050,10:23:06.348,2.938,2500
20240207,SH.510050,10:23:06.913,2.937,3000
20240207,SH.510050,10:23:06.035,2.937,2500
20240207,SH.510050,10:23:10.405,2.938,400
20240207,SH.510050,10:23:12.381,2.935,2500
20240207,SH.510050,10:23:12.723,2.936,1000
20240207,SH.510050,10:23:15.828,2.936,500
20240207,SH.510050,10:23:17.720,2.936,1000
20240207,SH.510050,10:23:17.859,2.936,600
20240207,SH.510050,10:23:19.708,2.934,400
20240207,SH.510050,10:23:19.171,2.934,400
20240207,SH.510050,10:23:22.451,2.934,900
20240207,SH.510050,10:23:24.594,2.934,2000
20240207,SH.510050,10:23:27.071,2.934,200
20240207,SH.510050,10:23:27.089,2.934,3000
20240207,SH.510050,10:23:32.956,2.936,1200
20240207,SH.510050,10:23:33.009,2.934,1500
20240207,SH.510050,10:23:36.828,2.935,1000
20240207,SH.510050,10:23:36.642,2.935,1500
20240207,SH.510050,10:23:37.696,2.935,1000
20240207,SH.510050,10:23:38.439,2.935,200
20240207,SH.510050,10:23:40.097,2.937,2000
20240207,SH.510050,10:23:41.564,2.938,1000
20240207,SH.510050,10:23:41.182,2.938,400
20240207,SH.510050,10:23:46.649,2.934,2000
20240207,SH.510050,10:23:47.226,2.934,800
20240207,SH.510050,10:23:46.248,2.934,2500
20240207,SH.510050,10:23:46.789,2.933,1000
20240207,SH.510050,10:23:48.423,2.933,400
20240207,SH.510050,10:23:53.440,2.932,3000
20240207,SH.510050,10:23:55.543,2.933,600
20240207,SH.510050,10:23:57.142,2.934,400
20240207,SH.510050,10:24:02.518,2.934,1000
20240207,SH.510050,10:24:01.751,2.933,500
20240207,SH.510050,10:24:02.756,2.934,1000
20240207,SH.510050,10:24:02.320,2.933,200
20240207,SH.510050,10:24:01.689,2.933,200
20240207,SH.510050,10:24:03.833,2.932,1900
20240207,SH.510050,10:24:04.886,2.933,5000
20240207,SH.510050,10:24:11.405,2.931,2500
20240207,SH.510050,10:24:13.809,2.932,1000
20240207,SH.510050,10:24:13.074,2.933,800
20240207,SH.510050,10:24:13.475,2.933,500
20240207,SH.510050,10:24:15.787,2.932,2000
20240207,SH.510050,10:24:18.696,2.931,1200
20240207,SH.510050,10:24:20.367,2.932,1500
20240207,SH.510050,10:24:18.811,2.932,800
20240207,SH.510050,10:24:22.837,2.932,1000
20240207,SH.510050,10:24:23.601,2.932,500
20240207,SH.510050,10:24:23.501,2.932,200
20240207,SH.510050,10:24:25.119,2.931,600
20240207,SH.510050,10:24:27.436,2.932,4000
20240207,SH.510050,10:24:31.781,2.931,900
20240207,SH.510050,10:24:32.158,2.931,800
20240207,SH.510050,10:24:30.536,2.931,400
20240207,SH.510050,10:24:35.583,2.932,2700
20240207,SH.510050,10:24:36.426,2.931,500
20240207,SH.510050,10:24:37.831,2.932,200
20240207,SH.510050,10:24:36.397,2.931,900
20240207,SH.510050,10:24:36.804,2.932,500
20240207,SH.510050,10:24:41.440,2.933,100
20240207,SH.510050,10:24:39.565,2.932,400
20240207,SH.510050,10:24:42.924,2.934,200
20240207,SH.510050,10:24:46.973,2.933,1500
20240207,SH.510050,10:24:46.749,2.933,300
20240207,SH.510050,10:24:50.551,2.932,500
20240207,SH.510050,10:24:48.996,2.932,2000
20240207,SH.510050,10:24:48.913,2.933,1900
20240207,SH.510050,10:24:52.662,2.932,1000
20240207,SH.510050,10:24:52.082,2.931,300
20240207,SH.510050,10:24:52.578,2.931,100
20240207,SH.510050,10:24:52.976,2.931,5000
20240207,SH.510050,10:24:55.833,2.93,1500
20240207,SH.510050,10:24:56.873,2.929,800
20240207,SH.510050,10:24:58.737,2.932,5000
20240207,SH.510050,10:25:00.812,2.932,600
20240207,SH.510050,10:25:00.070,2.933,200
20240207,SH.510050,10:25:02.335,2.932,400
20240207,SH.510050,10:25:02.847,2.932,100
20240207,SH.510050,10:25:05.090,2.931,400
20240207,SH.510050,10:25:03.674,2.932,100
20240207,SH.510050,10:25:03.012,2.932,3000
20240207,SH.510050,10:25:03.777,2.932,800
20240207,SH.510050,10:25:08.172,2.931,1100
20240207,SH.510050,10:25:08.150,2.932,4000
20240207,SH.510050,10:25:06.342,2.931,200
20240207,SH.510050,10:25:08.307,2.931,500
20240207,SH.510050,10:25:09.510,2.93,600
20240207,SH.510050,10:25:13.053,2.929,300
20240207,SH.510050,10:25:16.313,2.93,400
20240207,SH.510050,10:25:16.110,2.929,300
20240207,SH.510050,10:25:16.783,2.929,500
20240207,SH.510050,10:25:16.721,2.93,100
20240207,SH.510050,10:25:17.564,2.929,300
20240207,SH.510050,10:25:19.410,2.929,3400
20240207,SH.510050,10:25:23.973,2.929,400
20240207,SH.510050,10:25:25.623,2.93,700
20240207,SH.510050,10:25:31.855,2.928,200
20240207,SH.510050,10:25:30.359,2.928,200
20240207,SH.510050,10:25:33.795,2.928,600
20240207,SH.510050,10:25:37.099,2.928,400
20240207,SH.510050,10:25:38.292,2.929,200
20240207,SH.510050,10:25:43.692,2.93,400
20240207,SH.510050,10:25:46.391,2.929,200
20240207,SH.510050,10:25:47.722,2.93,200
20240207,SH.510050,10:25:50.526,2.929,1500
20240207,SH.510050,10:25:48.597,2.928,1500
20240207,SH.510050,10:25:53.529,2.929,400
20240207,SH.510050,10:25:53.137,2.929,200
20240207,SH.510050,10:25:55.413,2.929,900
20240207,SH.510050,10:25:59.347,2.93,2500
20240207,SH.510050,10:26:05.817,2.931,300
20240207,SH.510050,10:26:05.069,2.932,500
20240207,SH.510050,10:26:04.083,2.932,1600
20240207,SH.510050,10:26:08.503,2.931,1200
20240207,SH.510050,10:26:08.322,2.931,800
20240207,SH.510050,10:26:07.219,2.932,300
20240207,SH.510050,10:26:06.325,2.932,200
20240207,SH.510050,10:26:06.589,2.931,300
20240207,SH.510050,10:26:11.136,2.932,200
20240207,SH.510050,10:26:12.152,2.932,200
20240207,SH.510050,10:26:17.826,2.932,400
20240207,SH.510050,10:26:16.649,2.932,700
20240207,SH.510050,10:26:18.170,2.932,800
20240207,SH.510050,10:26:18.257,2.931,4000
20240207,SH.510050,10:26:21.372,2.934,400
20240207,SH.510050,10:26:23.696,2.933,100
20240207,SH.510050,10:26:23.546,2.933,800
20240207,SH.510050,10:26:24.045,2.933,400
20240207,SH.510050,10:26:24.740,2.934,200
20240207,SH.510050,10:26:27.391,2.933,200
20240207,SH.510050,10:26:31.637,2.934,1700
20240207,SH.510050,10:26:34.612,2.934,100
20240207,SH.510050,10:26:35.932,2.935,4000
20240207,SH.510050,10:26:40.496,2.934,500
20240207,SH.510050,10:26:39.859,2.934,100
20240207,SH.510050,10:26:41.970,2.935,1000
20240207,SH.510050,10:26:40.936,2.934,200
20240207,SH.510050,10:26:40.685,2.934,1000
20240207,SH.510050,10:26:43.699,2.936,300
20240207,SH.510050,10:26:43.443,2.935,3000
20240207,SH.510050,10:26:48.920,2.937,2500
20240207,SH.510050,10:26:52.080,2.936,200
20240207,SH.510050,10:26:56.351,2.935,100
20240207,SH.510050,10:27:05.329,2.932,300
20240207,SH.510050,10:27:03.637,2.932,700
20240207,SH.510050,10:27:05.655,2.933,1500
20240207,SH.510050,10:27:05.086,2.933,1000
20240207,SH.510050,10:27:12.131,2.932,1500
20240207,SH.510050,10:27:14.544,2.932,2000
20240207,SH.510050,10:27:17.230,2.933,2100
20240207,SH.510050,10:27:17.731,2.934,5000
20240207,SH.510050,10:27:16.497,2.933,100
20240207,SH.510050,10:27:25.643,2.933,200
20240207,SH.510050,10:27:27.471,2.934,5000
20240207,SH.510050,10:27:29.066,2.934,1000
20240207,SH.510050,10:27:30.643,2.934,300
20240207,SH.510050,10:27:32.733,2.934,300
20240207,SH.510050,10:27:31.464,2.935,400
20240207,SH.510050,10:27:31.746,2.935,2000
20240207,SH.510050,10:27:33.083,2.933,400
20240207,SH.510050,10:27:35.915,2.934,300
20240207,SH.510050,10:27:39.459,2.931,5000
20240207,SH.510050,10:27:44.619,2.932,300
20240207,SH.510050,10:27:52.636,2.932,1000
20240207,SH.510050,10:27:55.258,2.93,600
20240207,SH.510050,10:27:56.937,2.93,1500
20240207,SH.510050,10:27:57.536,2.929,200
20240207,SH.510050,10:27:58.242,2.929,1000
20240207,SH.510050,10:27:57.369,2.93,200
20240207,SH.510050,10:28:01.240,2.929,5000
20240207,SH.510050,10:28:02.142,2.929,1500
20240207,SH.510050,10:28:01.615,2.928,300
20240207,SH.510050,10:28:03.898,2.928,500
20240207,SH.510050,10:28:08.936,2.929,600
20240207,SH.510050,10:28:06.055,2.928,1200
20240207,SH.510050,10:28:11.203,2.928,600
20240207,SH.510050,10:28:10.264,2.928,400
20240207,SH.510050,10:28:11.871,2.927,300
20240207,SH.510050,10:28:13.183,2.928,100
20240207,SH.510050,10:28:13.838,2.928,200
20240207,SH.510050,10:28:17.946,2.928,200
20240207,SH.510050,10:28:17.818,2.927,400
20240207,SH.510050,10:28:22.935,2.927,1000
20240207,SH.510050,10:28:22.754,2.928,500
20240207,SH.510050,10:28:22.219,2.927,600
20240207,SH.510050,10:28:25.198,2.927,600
20240207,SH.510050,10:28:24.834,2.927,600
20240207,SH.510050,10:28:28.759,2.927,2500
20240207,SH.510050,10:28:29.812,2.927,2000
20240207,SH.510050,10:28:32.843,2.927,100
20240207,SH.510050,10:28:32.084,2.927,700
20240207,SH.510050,10:28:34.827,2.926,1500
20240207,SH.510050,10:28:33.546,2.925,300
20240207,SH.510050,10:28:35.882,2.925,500
20240207,SH.510050,10:28:33.264,2.925,800
20240207,SH.510050,10:28:36.991,2.926,600
20240207,SH.510050,10:28:38.941,2.926,1000
20240207,SH.510050,10:28:38.229,2.926,1500
20240207,SH.510050,10:28:39.836,2.926,100
20240207,SH.510050,10:28:41.837,2.925,100
20240207,SH.510050,10:28:43.884,2.925,200
20240207,SH.510050,10:28:42.452,2.924,500
20240207,SH.510050,10:28:42.909,2.925,1500
20240207,SH.510050,10:28:45.387,2.924,500
20240207,SH.510050,10:28:48.108,2.923,3000
20240207,SH.510050,10:28:50.391,2.922,3000
20240207,SH.510050,10:28:56.314,2.923,1000
20240207,SH.510050,10:28:59.872,2.922,1000
20240207,SH.510050,10:28:57.401,2.923,1000
20240207,SH.510050,10:28:58.709,2.922,900
20240207,SH.510050,10:29:00.161,2.923,100
20240207,SH.510050,10:29:04.078,2.922,300
20240207,SH.510050,10:29:04.117,2.921,500
20240207,SH.510050,10:29:05.151,2.921,2000
20240207,SH.510050,10:29:08.272,2.922,200
20240207,SH.510050,10:29:08.398,2.922,100
20240207,SH.510050,10:29:10.986,2.924,5000
20240207,SH.510050,10:29:11.728,2.924,100
20240207,SH.510050,10:29:11.497,2.924,2500
20240207,SH.510050,10:29:23.505,2.926,400
20240207,SH.510050,10:29:25.269,2.925,1400
20240207,SH.510050,10:29:24.652,2.926,100
20240207,SH.510050,10:29:27.263,2.928,1500
20240207,SH.510050,10:29:27.905,2.927,200
20240207,SH.510050,10:29:27.959,2.927,500
20240207,SH.510050,10:29:30.815,2.929,100
20240207,SH.510050,10:29:31.694,2.928,4000
20240207,SH.510050,10:29:32.718,2.928,600
20240207,SH.510050,10:29:37.253,2.928,1000
20240207,SH.510050,10:29:38.771,2.929,1500
20240207,SH.510050,10:29:41.399,2.929,1500
20240207,SH.510050,10:29:39.507,2.929,600
20240207,SH.510050,10:29:39.996,2.928,2500
20240207,SH.510050,10:29:43.313,2.929,1500
20240207,SH.510050,10:29:44.288,2.929,2500
20240207,SH.510050,10:29:42.965,2.929,400
20240207,SH.510050,10:29:47.651,2.928,4000
20240207,SH.510050,10:29:51.094,2.927,2500
20240207,SH.510050,10:29:51.385,2.927,300
20240207,SH.510050,10:29:53.516,2.928,500
20240207,SH.510050,10:29:56.446,2.929,900
20240207,SH.510050,10:29:55.299,2.929,1500
20240207,SH.510050,10:30:01.560,2.927,900
20240207,SH.510050,10:30:02.400,2.927,400
20240207,SH.510050,10:30:01.970,2.927,1000
20240207,SH.510050,10:30:00.289,2.928,2500
20240207,SH.510050,10:30:00.958,2.928,200
20240207,SH.510050,10:30:04.450,2.927,800
20240207,SH.510050,10:30:06.775,2.928,1500
20240207,SH.510050,10:30:14.632,2.93,500
20240207,SH.510050,10:30:16.903,2.93,200
20240207,SH.510050,10:30:15.257,2.931,300
20240207,SH.510050,10:30:18.731,2.931,2000
20240207,SH.510050,10:30:22.736,2.93,1700
20240207,SH.510050,10:30:21.689,2.93,2000
20240207,SH.510050,10:30:25.635,2.929,200
20240207,SH.510050,10:30:25.049,2.93,600
20240207,SH.510050,10:30:27.460,2.929,1000
20240207,SH.510050,10:30:32.817,2.928,300
20240207,SH.510050,10:30:37.321,2.928,300
20240207,SH.510050,10:30:38.894,2.928,3000
20240207,SH.510050,10:30:43.552,2.927,200
20240207,SH.510050,10:30:42.468,2.928,400
20240207,SH.510050,10:30:44.924,2.928,2500
20240207,SH.510050,10:30:49.267,2.929,100
20240207,SH.510050,10:30:49.029,2.929,2000
20240207,SH.510050,10:30:48.003,2.928,2200
20240207,SH.510050,10:30:51.539,2.928,500
20240207,SH.510050,10:30:54.368,2.931,500
20240207,SH.510050,10:30:55.022,2.93,500
20240207,SH.510050,10:30:57.797,2.931,100
20240207,SH.510050,10:30:58.158,2.93,500
20240207,SH.510050,10:30:59.390,2.93,1500
20240207,SH.510050,10:30:59.481,2.93,1200
20240207,SH.510050,10:31:00.568,2.93,2000
20240207,SH.510050,10:31:02.525,2.931,1000
20240207,SH.510050,10:31:02.682,2.931,2100
20240207,SH.510050,10:31:03.099,2.93,600
20240207,SH.510050,10:31:05.316,2.93,2000
20240207,SH.510050,10:31:03.735,2.93,4000
20240207,SH.510050,10:31:04.369,2.929,200
20240207,SH.510050,10:31:05.317,2.929,2000
20240207,SH.510050,10:31:08.321,2.93,1000
20240207,SH.510050,10:31:10.347,2.93,1700
20240207,SH.510050,10:31:11.537,2.93,100
20240207,SH.510050,10:31:12.606,2.93,900
20240207,SH.510050,10:31:12.987,2.931,300
20240207,SH.510050,10:31:17.374,2.932,1000
20240207,SH.510050,10:31:18.199,2.932,500
20240207,SH.510050,10:31:18.641,2.931,5000
20240207,SH.510050,10:31:19.884,2.931,1200
20240207,SH.510050,10:31:22.781,2.931,300
20240207,SH.510050,10:31:23.039,2.932,400
20240207,SH.510050,10:31:26.868,2.932,400
20240207,SH.510050,10:31:30.730,2.935,3000
20240207,SH.510050,10:31:33.550,2.933,2000
20240207,SH.510050,10:31:35.215,2.933,300
20240207,SH.510050,10:31:36.031,2.933,400
20240207,SH.510050,10:31:53.795,2.928,100
20240207,SH.510050,10:31:54.105,2.928,600
20240207,SH.510050,10:31:57.160,2.929,300
20240207,SH.510050,10:31:59.122,2.929,300
20240207,SH.510050,10:31:58.565,2.928,100
20240207,SH.510050,10:32:05.023,2.929,2000
20240207,SH.510050,10:32:05.611,2.928,300
20240207,SH.510050,10:32:06.900,2.93,100
20240207,SH.510050,10:32:07.498,2.93,400
20240207,SH.510050,10:32:11.553,2.929,2500
20240207,SH.510050,10:32:14.714,2.93,900
20240207,SH.510050,10:32:12.756,2.931,100
20240207,SH.510050,10:32:12.943,2.931,1000
20240207,SH.510050,10:32:12.362,2.931,1000
20240207,SH.510050,10:32:15.289,2.929,800
20240207,SH.510050,10:32:17.306,2.929,500
20240207,SH.510050,10:32:15.724,2.93,1000
20240207,SH.510050,10:32:16.235,2.93,1200
20240207,SH.510050,10:32:19.724,2.93,1000
20240207,SH.510050,10:32:20.127,2.929,1000
20240207,SH.510050,10:32:18.369,2.929,200
20240207,SH.510050,10:32:26.799,2.931,300
20240207,SH.510050,10:32:31.073,2.931,800
20240207,SH.510050,10:32:35.316,2.931,4000
20240207,SH.510050,10:32:35.823,2.931,1500
20240207,SH.510050,10:32:34.701,2.93,700
20240207,SH.510050,10:32:33.704,2.93,300
20240207,SH.510050,10:32:41.383,2.931,1000
20240207,SH.510050,10:32:43.331,2.93,600
20240207,SH.510050,10:32:44.771,2.93,200
20240207,SH.510050,10:32:43.002,2.93,2000
20240207,SH.510050,10:32:46.644,2.931,3000
20240207,SH.510050,10:32:49.277,2.931,1000
20240207,SH.510050,10:32:51.511,2.931,5000
20240207,SH.510050,10:32:52.583,2.931,3000
20240207,SH.510050,10:32:55.927,2.93,900
20240207,SH.510050,10:32:56.950,2.93,400
20240207,SH.510050,10:32:54.351,2.929,1000
20240207,SH.510050,10:32:56.489,2.929,1500
20240207,SH.510050,10:32:55.328,2.929,300
20240207,SH.510050,10:33:01.966,2.929,200
20240207,SH.510050,10:33:04.776,2.928,1700
20240207,SH.510050,10:33:03.117,2.928,1000
20240207,SH.510050,10:33:06.300,2.928,300
20240207,SH.510050,10:33:11.195,2.929,300
20240207,SH.510050,10:33:09.294,2.93,1300
20240207,SH.510050,10:33:11.591,2.93,500
20240207,SH.510050,10:33:09.097,2.929,400
20240207,SH.510050,10:33:15.415,2.93,600
20240207,SH.510050,10:33:17.914,2.929,400
20240207,SH.510050,10:33:20.899,2.928,1200
20240207,SH.510050,10:33:22.873,2.929,3000
20240207,SH.510050,10:33:23.548,2.928,900
20240207,SH.510050,10:33:21.533,2.928,4000
20240207,SH.510050,10:33:28.323,2.929,3000
20240207,SH.510050,10:33:29.892,2.93,600
20240207,SH.510050,10:33:30.555,2.93,2000
20240207,SH.510050,10:33:30.594,2.93,200
20240207,SH.510050,10:33:30.802,2.93,400
20240207,SH.510050,10:33:36.767,2.931,300
20240207,SH.510050,10:33:39.565,2.931,400
20240207,SH.510050,10:33:44.191,2.93,4000
20240207,SH.510050,10:33:48.911,2.931,300
20240207,SH.510050,10:33:51.554,2.93,1500
20240207,SH.510050,10:33:52.710,2.93,1000
20240207,SH.510050,10:33:52.747,2.929,600
20240207,SH.510050,10:33:55.062,2.93,100
20240207,SH.510050,10:33:59.152,2.931,200
20240207,SH.510050,10:33:59.448,2.93,1000
20240207,SH.510050,10:34:00.966,2.931,900
20240207,SH.510050,10:34:05.199,2.93,800
20240207,SH.510050,10:34:08.622,2.93,600
20240207,SH.510050,10:34:09.324,2.933,800
20240207,SH.510050,10:34:11.056,2.933,400
20240207,SH.510050,10:34:15.026,2.931,3000
20240207,SH.510050,10:34:15.968,2.932,100
20240207,SH.510050,10:34:22.801,2.932,200
20240207,SH.510050,10:34:21.213,2.932,1500
20240207,SH.510050,10:34:21.932,2.933,2500
20240207,SH.510050,10:34:24.927,2.931,400
20240207,SH.510050,10:34:24.532,2.932,200
20240207,SH.510050,10:34:29.516,2.933,200
20240207,SH.510050,10:34:28.135,2.933,900
20240207,SH.510050,10:34:28.898,2.933,2500
20240207,SH.510050,10:34:30.528,2.932,100
20240207,SH.510050,10:34:32.581,2.933,300
20240207,SH.510050,10:34:32.951,2.932,1200
20240207,SH.510050,10:34:30.509,2.932,100
20240207,SH.510050,10:34:33.855,2.932,100
20240207,SH.510050,10:34:36.866,2.932,5000
20240207,SH.510050,10:34:36.296,2.931,2000
20240207,SH.510050,10:34:36.967,2.932,300
20240207,SH.510050,10:34:42.941,2.931,1200
20240207,SH.510050,10:34:44.355,2.93,2400
20240207,SH.510050,10:34:46.768,2.929,700
20240207,SH.510050,10:34:48.221,2.931,1500
20240207,SH.510050,10:34:50.491,2.931,5000
20240207,SH.510050,10:34:49.698,2.931,600
20240207,SH.510050,10:34:50.920,2.931,1000
20240207,SH.510050,10:34:52.130,2.931,200
20240207,SH.510050,10:34:56.323,2.931,300
20240207,SH.510050,10:34:54.408,2.93,400
20240207,SH.510050,10:34:58.295,2.929,900
20240207,SH.510050,10:34:59.249,2.93,200
20240207,SH.510050,10:35:01.161,2.929,100
20240207,SH.510050,10:35:04.555,2.929,400
20240207,SH.510050,10:35:07.644,2.928,200
20240207,SH.510050,10:35:09.011,2.928,300
20240207,SH.510050,10:35:10.599,2.929,2000
20240207,SH.510050,10:35:09.219,2.928,1000
20240207,SH.510050,10:35:12.158,2.928,2000
20240207,SH.510050,10:35:14.827,2.928,300
20240207,SH.510050,10:35:16.012,2.929,1500
20240207,SH.510050,10:35:17.239,2.929,400
20240207,SH.510050,10:35:19.300,2.927,600
20240207,SH.510050,10:35:20.322,2.928,500
20240207,SH.510050,10:35:21.815,2.929,1700
20240207,SH.510050,10:35:22.499,2.929,1000
20240207,SH.510050,10:35:26.437,2.929,5000
20240207,SH.510050,10:35:26.153,2.929,600
20240207,SH.510050,10:35:28.608,2.928,500
20240207,SH.510050,10:35:32.359,2.929,900
20240207,SH.510050,10:35:41.698,2.926,200
20240207,SH.510050,10:35:40.278,2.927,2500
20240207,SH.510050,10:35:39.623,2.926,900
20240207,SH.510050,10:35:39.403,2.926,300
20240207,SH.510050,10:35:44.698,2.928,2000
20240207,SH.510050,10:35:43.325,2.928,2900
20240207,SH.510050,10:35:45.760,2.927,600
20240207,SH.510050,10:35:45.884,2.927,500
20240207,SH.510050,10:35:51.622,2.926,1000
20240207,SH.510050,10:35:51.932,2.926,600
20240207,SH.510050,10:35:56.239,2.925,900
20240207,SH.510050,10:35:55.517,2.925,1000
20240207,SH.510050,10:35:54.884,2.926,2000
20240207,SH.510050,10:35:56.461,2.925,1500
20240207,SH.510050,10:35:58.268,2.926,600
20240207,SH.510050,10:35:57.894,2.925,300
20240207,SH.510050,10:36:02.489,2.926,600
20240207,SH.510050,10:36:02.135,2.926,600
20240207,SH.510050,10:36:11.378,2.925,2000
20240207,SH.510050,10:36:09.503,2.925,300
20240207,SH.510050,10:36:12.906,2.925,2500
20240207,SH.510050,10:36:13.735,2.926,200
20240207,SH.510050,10:36:17.383,2.926,700
20240207,SH.510050,10:36:17.749,2.926,2000
20240207,SH.510050,10:36:19.674,2.924,400
20240207,SH.510050,10:36:21.187,2.926,600
20240207,SH.510050,10:36:21.829,2.926,1200
20240207,SH.510050,10:36:25.194,2.925,1000
20240207,SH.510050,10:36:28.836,2.926,4000
20240207,SH.510050,10:36:29.067,2.925,600
20240207,SH.510050,10:36:31.048,2.925,1000
20240207,SH.510050,10:36:35.370,2.925,2000
20240207,SH.510050,10:36:36.113,2.925,300
20240207,SH.510050,10:36:38.472,2.924,100
20240207,SH.510050,10:36:36.376,2.925,600
20240207,SH.510050,10:36:44.685,2.922,1400
20240207,SH.510050,10:36:46.569,2.924,1200
20240207,SH.510050,10:36:45.192,2.924,100
20240207,SH.510050,10:36:48.969,2.923,600
20240207,SH.510050,10:36:50.276,2.922,1000
20240207,SH.510050,10:36:53.699,2.924,1000
20240207,SH.510050,10:36:51.198,2.924,5000
20240207,SH.510050,10:36:52.464,2.923,1000
20240207,SH.510050,10:36:55.678,2.924,800
20240207,SH.510050,10:36:54.115,2.923,1000
20240207,SH.510050,10:36:58.246,2.924,3300
20240207,SH.510050,10:37:02.300,2.924,300
20240207,SH.510050,10:37:02.830,2.924,500
20240207,SH.510050,10:37:03.372,2.923,400
20240207,SH.510050,10:37:05.255,2.923,1200
20240207,SH.510050,10:37:03.892,2.924,4000
20240207,SH.510050,10:37:07.578,2.924,400
20240207,SH.510050,10:37:09.382,2.923,1200
20240207,SH.510050,10:37:13.698,2.923,100
20240207,SH.510050,10:37:12.502,2.923,1500
20240207,SH.510050,10:37:15.145,2.924,100
20240207,SH.510050,10:37:16.070,2.923,100
20240207,SH.510050,10:37:19.157,2.923,1200
20240207,SH.510050,10:37:18.154,2.923,4000
20240207,SH.510050,10:37:22.737,2.925,300
20240207,SH.510050,10:37:22.151,2.925,1200
20240207,SH.510050,10:37:22.222,2.925,100
20240207,SH.510050,10:37:22.754,2.924,600
20240207,SH.510050,10:37:25.882,2.925,600
20240207,SH.510050,10:37:26.283,2.924,300
20240207,SH.510050,10:37:24.418,2.924,2000
20240207,SH.510050,10:37:28.193,2.927,4000
20240207,SH.510050,10:37:28.621,2.927,200
20240207,SH.510050,10:37:31.556,2.927,1500
20240207,SH.510050,10:37:32.914,2.926,1000
20240207,SH.510050,10:37:34.963,2.927,500
20240207,SH.510050,10:37:34.549,2.926,3000
20240207,SH.510050,10:37:37.088,2.927,2000
20240207,SH.510050,10:37:41.120,2.927,5000
20240207,SH.510050,10:37:41.390,2.927,100
20240207,SH.510050,10:37:41.006,2.926,100
20240207,SH.510050,10:37:44.988,2.927,200
20240207,SH.510050,10:37:44.092,2.927,100
20240207,SH.510050,10:37:42.344,2.928,1500
20240207,SH.510050,10:37:43.154,2.928,4000
20240207,SH.510050,10:37:46.601,2.929,600
20240207,SH.510050,10:37:47.779,2.928,1500
20240207,SH.510050,10:37:45.250,2.929,3000
20240207,SH.510050,10:37:47.314,2.928,600
20240207,SH.510050,10:37:50.683,2.927,5000
20240207,SH.510050,10:37:48.570,2.927,200
20240207,SH.510050,10:37:51.047,2.928,400
20240207,SH.510050,10:37:51.254,2.928,300
20240207,SH.510050,10:37:51.116,2.928,1500
20240207,SH.510050,10:37:53.874,2.927,600
20240207,SH.510050,10:37:51.526,2.927,200
20240207,SH.510050,10:37:51.614,2.928,400
20240207,SH.510050,10:37:56.344,2.928,1200
20240207,SH.510050,10:37:54.863,2.929,100
20240207,SH.510050,10:37:57.425,2.928,400
20240207,SH.510050,10:38:02.675,2.928,400
20240207,SH.510050,10:38:07.351,2.926,3400
20240207,SH.510050,10:38:11.097,2.926,1500
20240207,SH.510050,10:38:13.116,2.925,1000
20240207,SH.510050,10:38:12.203,2.926,4000
20240207,SH.510050,10:38:16.576,2.926,1000
20240207,SH.510050,10:38:19.985,2.928,3000
20240207,SH.510050,10:38:18.925,2.928,1500
20240207,SH.510050,10:38:20.502,2.928,2500
20240207,SH.510050,10:38:18.545,2.928,500
20240207,SH.510050,10:38:23.350,2.928,500
20240207,SH.510050,10:38:23.918,2.928,4000
20240207,SH.510050,10:38:22.706,2.928,1000
20240207,SH.510050,10:38:26.989,2.929,2500
20240207,SH.510050,10:38:26.446,2.928,500
20240207,SH.510050,10:38:24.064,2.929,400
20240207,SH.510050,10:38:29.888,2.929,1000
20240207,SH.510050,10:38:29.258,2.929,1000
20240207,SH.510050,10:38:28.588,2.929,1500
20240207,SH.510050,10:38:31.104,2.927,900
20240207,SH.510050,10:38:33.168,2.927,100
20240207,SH.510050,10:38:35.452,2.928,4000
20240207,SH.510050,10:38:37.982,2.927,4000
20240207,SH.510050,10:38:41.263,2.925,600
20240207,SH.510050,10:38:47.489,2.925,600
20240207,SH.510050,10:38:46.390,2.925,100
20240207,SH.510050,10:38:48.545,2.924,2000
20240207,SH.510050,10:38:56.909,2.92,200
20240207,SH.510050,10:38:55.063,2.919,1500
20240207,SH.510050,10:38:57.130,2.92,400
20240207,SH.510050,10:38:58.046,2.919,900
20240207,SH.510050,10:39:01.976,2.92,800
20240207,SH.510050,10:39:01.345,2.919,4000
20240207,SH.510050,10:39:03.458,2.92,400
20240207,SH.510050,10:39:08.577,2.919,400
20240207,SH.510050,10:39:10.428,2.918,1500
20240207,SH.510050,10:39:13.956,2.917,200
20240207,SH.510050,10:39:14.758,2.917,400
20240207,SH.510050,10:39:15.306,2.919,800
20240207,SH.510050,10:39:19.009,2.919,300
